3018 5170
297 524 362 585 270
655 542 846 584 annornm
872 541 976 584 arnan
1000 541 1054 585 111.

297 695 398 755 donec
425 714 608 777 percussum
633 714 697 755 non
723 690 910 777 frangamr¹.
956 691 1032 767 Quo
1056 692 1142 756 facto
1167 715 1263 757 omne
1287 715 1410 757 aumm

298 795 411 880 pariter
424 794 530 871 funde,
543 806 575 857 et
591 795 621 856 in
638 817 734 857 unam
748 816 885 857 massam
903 794 1020 880 redige,
1032 804 1127 881 atque
1140 817 1235 880 super
1247 804 1410 859 stateram

297 918 335 958 eo
359 896 466 973 modo,
490 921 554 982 quo
582 909 750 983 argentum
777 896 920 982 superius
946 896 1090 975 divisisti,
1112 898 1238 976 diride3
1270 898 1412 983 parique

298 997 408 1060 ordine
443 999 617 1061 secundum
653 999 787 1063 sormam
823 1020 919 1084 quam
951 999 1096 1077 volucria,
1126 999 1234 1085 sicque
1272 1022 1330 1084 pro
1365 1009 1413 1061 ut

296 1100 423 1163 libuerit
443 1101 598 1163 auriculas
620 1101 780 1163 formabis.
827 1099 924 1175 Quod
948 1100 973 1163 si
995 1122 1089 1186 opere
1111 1111 1274 1188 gemmato
1296 1101 1413 1165 facere

297 1201 444 1280 volueris,
468 1212 596 1287 percute
619 1202 698 1265 duos
722 1214 827 1288 partes
850 1203 917 1265 auri
940 1212 1004 1265 tam
1028 1211 1150 1282 tenues,
1172 1212 1209 1267 ut
1230 1204 1409 1289 vestigium

298 1304 423 1388 ungulae
439 1303 539 1389 possit
554 1304 581 1367 ei
598 1304 743 1389 imprimi,
760 1316 792 1367 et
807 1326 861 1368 eas
876 1304 980 1367 incide
996 1305 1035 1369 ed
1051 1306 1166 1385 formai,
1182 1305 1248 1392 qua
1264 1308 1412 1371 volueris

298 1407 452 1469 auriculas
478 1405 605 1484 babere,
631 1429 701 1493 quae
731 1418 837 1492 partes
863 1416 1005 1491 utraeque
1035 1408 1075 1471 ad
1103 1430 1200 1472 unam
1227 1408 1410 1472 auriculam

297 1508 462 1591 pertinent.
510 1509 635 1572 Deinde
650 1531 806 1595 compone
822 1508 1028 1573 solidaturam
1044 1509 1105 1574 hoc
1121 1510 1229 1574 modo.

648 2176 881 2273 CAPUT
940 2176 1028 2272 LI.

650 2413 695 2455 DE
718 2414 936 2458 soune'ruaa
958 2414 1052 2459 aum.

300 2576 495 2729 TOLLE
508 2578 628 2641 cineres
644 2577 797 2663 fagineos,
810 2587 843 2642 et
854 2579 904 2643 fac
919 2578 993 2644 inde
1004 2580 1153 2660 lexivam,
1165 2603 1263 2668 quam
1278 2604 1405 2646 rursum

402 2681 521 2744 colabis
548 2704 604 2766 per
629 2682 759 2744 eosdem
790 2682 922 2761 cineres,
953 2695 988 2746 ut
1017 2683 1120 2770 spissa
1150 2684 1215 2747 fiat.
1262 2682 1405 2748 Rursum

301 2784 392 2846 mitte
409 2783 439 2845 in
466 2785 616 2869 patellam
633 2795 666 2847 et
689 2805 793 2871 coque
808 2807 908 2871 usque
930 2786 971 2849 ad
987 2788 1113 2850 tertiam
1136 2796 1270 2872 partem,
1289 2797 1323 2851 ct
1343 2788 1406 2850 im-

302 2907 386 2970 pone
405 2888 434 2949 ei
457 2887 617 2949 modicum
641 2887 820 2972 smigmatis
836 2896 867 2950 et
889 2909 998 2973 parurn
1023 2890 1140 2952 arvinae
1161 2890 1261 2953 suillae
1278 2890 1405 2954 veteris.

302 2986 450 3073 Cumque
466 2988 615 3073 frigidum
631 2988 724 3052 fuerit
747 2999 779 3053 et
793 2990 954 3070 resederit,
969 2992 1039 3055 cola
1061 2990 1229 3077 diligenter
1251 3014 1310 3078 per
1325 3014 1405 3080 pan·

302 3111 379 3151 num
395 3101 428 3153 ct
443 3091 531 3153 mitte
547 3091 579 3152 iu
594 3112 651 3153 vas
662 3113 825 3177 cupreum,
838 3093 923 3179 quod
939 3094 980 3157 sit
991 3115 1030 3157 ex
1046 3095 1133 3178 omni
1148 3104 1238 3178 parte
1253 3095 1403 3170 solidum,

302 3200 436 3277 excepto
453 3194 580 3257 modico
604 3193 768 3273 foramine,
784 3196 871 3281 quod
892 3195 1034 3282 superius
1057 3195 1202 3274 emineat,
1218 3197 1404 3273 rotundum,

303 3304 338 3358 ut
353 3296 454 3381 possit
468 3295 569 3381 digito
582 3295 713 3360 obstrui.
760 3295 841 3360 Post
855 3298 924 3361 baec
941 3299 1014 3362 tolle
1026 3308 1147 3384 partem
1160 3298 1247 3382 cupri
1262 3309 1402 3374 tenuem,

303 3422 398 3485 quem
415 3398 607 3462 madefacies
630 3419 724 3484 aqua,
740 3409 772 3462 et
794 3399 922 3463 fricabis
937 3422 1030 3486 super
1045 3422 1115 3464 eam
1138 3400 1237 3464 salem
1252 3421 1295 3462 ex
1318 3412 1402 3463 ntra-

304 3524 365 3588 que
381 3511 481 3587 parte,
498 3500 665 3587 mittesque
688 3499 721 3563 in
736 3500 854 3587 ignem,
869 3511 988 3565 etcum
1011 3502 1175 3566 canduerit
1197 3501 1352 3587 extingue
1372 3502 1402 3563 in

304 3604 387 3689 pelvi
404 3604 522 3667 munda
538 3612 569 3666 et
590 3625 668 3688 pura
683 3624 776 3689 aqua,
791 3604 825 3666 in
848 3626 913 3690 qua
928 3614 1067 3668 servetur
1082 3603 1231 3691 quicquid
1248 3626 1290 3668 ex
1305 3624 1401 3691 cnpm

304 3704 508 3769 comburitur.
553 3704 756 3792 Rursumqne
781 3705 859 3769 frica
889 3707 987 3770 salem
1019 3728 1114 3792 supra
1140 3728 1273 3791 cuprum
1296 3717 1331 3771 et
1355 3707 1401 3769 fac

304 3807 387 3869 sicut
410 3808 507 3891 prius,
522 3815 554 3869 et
578 3806 641 3870 hoc
666 3807 788 3871 tamdiu
811 3808 913 3872 donec
935 3809 1081 3874 sufficiat.
1127 3809 1255 3872 Deinde
1273 3808 1401 3873 effunde

304 3929 420 3994 aquam
447 3917 480 3972 et
503 3909 628 3972 exsicca
643 3911 803 3995 pulverem
828 3911 860 3972 in
885 3933 1001 3996 cupreo
1025 3934 1111 3991 vase,
1127 3921 1159 3975 et
1182 3922 1247 3976 tere
1270 3934 1346 3975 eum
1370 3910 1400 3971 in

305 4010 417 4074 eodem
431 4032 506 4074 vase
518 4033 591 4075 cum
607 4011 706 4076 ferreo
723 4013 837 4075 malleo
853 4013 956 4077 donec
971 4014 1172 4078 tenuissimus
1185 4015 1252 4094 fiat,
1265 4034 1399 4101 ponens·

305 4135 367 4199 que
392 4136 487 4198 super
511 4114 667 4177 carbones
693 4136 816 4178 rursum
841 4116 1003 4194 combure,
1029 4126 1125 4203 atque
1155 4128 1189 4181 ut
1220 4120 1306 4203 prius
1327 4128 1398 4181 tere.

339 4316 455 4377 Ι’Ὢιιοᾶ
472 4319 492 4366 ri
508 4319 596 4367 modice
610 4318 714 4380 finditur,
724 4318 796 4368 funde
809 4319 868 4368 illud
881 4335 932 4368 cum
944 4319 1061 4383 sulphure,
1072 4328 1097 4369 et
1107 4321 1139 4369 nic
1150 4296 1330 4372 emendabimr?
1360 4319 1399 4367 Bt
1507 4335 1508 4348 ³

306 4398 363 4448 dod.
377 4401 477 4464 onuph.
487 4400 672 4464 interpolantur.
