3018 5170
332 513 396 574 336
683 529 877 575 rusorrsmr
902 528 1006 573 amsa
1029 528 1083 573 111.

332 682 472 760 minoris,
509 681 623 745 deinde
660 681 829 767 percutitur
866 703 977 746 aumm
1011 689 1137 746 coctum
1167 680 1307 765 pondere
1334 679 1425 745 unius

331 783 453 847 nummi
470 782 582 847 eadem
605 784 770 848 latitudine
791 793 824 847 et
846 783 1054 871 longitudine,
1076 792 1172 870 atque
1194 784 1424 849 consolidantur

331 886 399 950 liaec
415 886 479 949 duo
493 886 678 972 prescripta
693 886 868 953 solidatur&
890 887 969 966 auri,
984 885 1087 952 donec
1102 884 1233 963 omnino
1248 884 1310 949 sibi
1323 885 1425 949 adhe·

332 999 431 1068 reant,
447 988 555 1075 sicque
569 988 662 1052 simul
678 987 894 1073 percutiantur
904 1010 1006 1075 usque
1020 988 1098 1052 dum
1112 986 1298 1052 tenuissima
1311 987 1424 1051 lamina

332 1091 398 1154 liat.
443 1091 517 1155 Hoc
540 1112 620 1176 opus
635 1090 768 1169 videtur,
783 1090 874 1176 quasi
896 1097 1064 1176 argentum
1086 1090 1120 1153 in
1142 1111 1207 1154 uua
1227 1100 1317 1176 parte
1330 1090 1423 1154 deau-

332 1205 436 1257 ratum
461 1194 512 1271 sit,
537 1214 596 1256 nec
621 1191 721 1277 possit
744 1214 818 1256 cum
844 1192 971 1257 duobus
994 1202 1050 1255 aut
1073 1191 1175 1256 tribus
1201 1192 1339 1256 nummIs
1360 1191 1424 1254 auri

332 1305 429 1361 tantoe
443 1294 648 1381 longitudinis
670 1294 788 1359 lamina
809 1304 876 1359 tam
899 1295 1018 1380 fulgide
1039 1294 1194 1359 deaurari
1240 1294 1292 1359 Ex
1306 1294 1367 1359 hac
1381 1296 1425 1357 la·
1494 1344 1495 1347 ,

332 1399 419 1462 mina
442 1399 523 1460 fiunt
547 1397 647 1476 limbi,
674 1397 769 1462 modo
796 1421 860 1485 quo
890 1397 1033 1485 superius
1059 1398 1192 1483 inpressi
1219 1398 1302 1462 ferri.
1347 1397 1423 1463 Inde
1494 1404 1495 1475 ἶ

332 1501 429 1564 etiam
444 1499 625 1562 inciduntur
639 1501 769 1564 subtiles
781 1502 935 1588 corrigia,
952 1501 1032 1565 etin
1046 1501 1146 1564 serico
1161 1501 1281 1565 filando
1296 1499 1420 1564 circum—
1494 1522 1495 1583 5

332 1610 526 1689 torquentur,
552 1602 636 1665 unde
661 1612 810 1666 texuntur
840 1603 1000 1689 aurifrigia
1027 1604 1112 1689 apud
1137 1624 1290 1690 pauperes
1314 1604 1420 1669 eodem

334 1704 429 1771 modo
444 1727 508 1792 quo
525 1704 609 1790 apud
625 1703 737 1767 divites
752 1727 791 1768 ex
808 1726 885 1770 auro
901 1728 990 1791 puro.

586 2246 812 2343 CAPUT
865 2238 1181 2341 LXXVIII.

538 2458 584 2501 DE
607 2459 717 2502 Orsua
741 2458 883 2502 DUCTILI
907 2458 1002 2508 QUOD
1025 2456 1225 2501 scuurtrua.

337 2605 599 2757 PERCUTE
614 2607 757 2671 tabulam
778 2627 926 2692 cupream
947 2615 1073 2693 quanta
1091 2603 1298 2691 longitudinis
1315 2619 1347 2668 et
1359 2601 1417 2667 lati·

433 2709 552 2772 tudinis
568 2709 713 2789 volueris,
735 2709 782 2773 sic
803 2708 937 2795 spissam
956 2709 1059 2773 utrix
1077 2707 1185 2794 plicari
1207 2707 1317 2793 possit,
1338 2715 1368 2770 et
1384 2701 1417 2767 sit

334 2814 504 2878 sanissima
518 2813 559 2878 ab
575 2814 661 2877 omni
679 2813 792 2877 lissum
814 2822 847 2876 et
861 2812 997 2888 macula,
1012 2820 1044 2875 et
1057 2807 1204 2897 pertrahe
1218 2809 1252 2872 in
1268 2830 1305 2872 ea
1318 2804 1417 2891 imagi·

336 2940 420 2997 nem,
441 2938 536 3004 quam
553 2915 697 2980 volueris.
743 2914 872 2978 Deinde
890 2924 1018 3001 percute
1037 2914 1070 2977 in
1089 2915 1162 2978 loco
1182 2912 1295 2999 capitis
1310 2912 1414 2975 fossam

336 3043 409 3085 cum
425 3021 575 3084 mediocri
605 3019 736 3083 malle0¹
760 3019 793 3082 in
809 3018 949 3095 circuitu,
969 3017 1077 3102 sicque
1097 3036 1251 3101 recoques
1265 3014 1296 3076 in
1310 3009 1414 3099 prunis.

336 3121 410 3196 Qua
425 3121 607 3207 refrigerata
618 3143 674 3207 per
689 3144 733 3201 se,
748 3121 846 3185 facies
856 3142 912 3206 per
925 3127 1027 3183 totam
1042 3117 1213 3203 imaginem
1225 3138 1299 3180 cum
1309 3111 1415 3178 malleis

336 3228 418 3290 sicut
441 3224 541 3289 fecisti
565 3224 598 3287 in
624 3226 709 3288 tenui
734 3246 832 3311 cupro
857 3246 931 3288 cum
957 3222 1061 3286 curvis
1082 3221 1171 3285 ferris
1193 3229 1226 3284 et
1247 3217 1414 3307 aequalibus

335 3349 459 3415 semper
472 3349 512 3391 ex
527 3335 661 3414 utraque
675 3337 766 3413 parte
777 3326 964 3391 deducendo
979 3334 1011 3389 et
1025 3325 1206 3411 frequenter
1220 3316 1413 3409 recoquendo.

336 3431 482 3518 Cumque
493 3431 662 3495 elevaveris
672 3428 843 3516 imaginem
862 3450 959 3516 quam
973 3429 1037 3494 alte
1052 3425 1197 3506 volueris,
1209 3426 1315 3512 accipe
1329 3424 1413 3487 ferros
1493 3440 1494 3479 2

335 3535 375 3598 ad
407 3554 586 3598 mensuram
616 3532 713 3620 palmi
742 3532 866 3619 longos,
891 3531 924 3594 in
951 3552 1015 3594 una
1041 3529 1223 3593 summitate
1246 3527 1412 3615 grossiores
1492 3524 1495 3583 l

335 3660 430 3723 super
444 3659 526 3723 quos
541 3636 643 3723 possit
664 3658 738 3699 cum
755 3636 871 3700 malleo
886 3633 1017 3721 percuti,
1033 3642 1065 3698 et
1079 3633 1110 3695 in
1126 3633 1224 3696 altera
1238 3630 1411 3718 graciliores,

334 3748 456 3818 tenues,
471 3737 625 3802 rotundos
647 3745 742 3825 atque
764 3737 906 3815 subtiles,
928 3757 1009 3823 quos
1025 3735 1064 3799 ad
1088 3734 1245 3819 hocopus
1262 3729 1412 3818 aptaveris,
1489 3754 1495 3797 ,¹

334 3848 367 3903 et
390 3838 520 3903 sedente
546 3861 653 3903 coram
677 3848 708 3903 te
732 3860 831 3926 puero
857 3839 951 3924 hujus
974 3837 1049 3901 artis
1072 3836 1176 3916 doctn,
1200 3844 1274 3900 tene
1301 3828 1411 3901 sinistri

335 3963 432 4004 manu
448 3940 588 4004 tabulam
611 3950 643 4005 et
665 3940 796 4007 dexteri,
817 3940 926 4019 ferros,
945 3961 1042 4026 puero
1062 3938 1196 4024 desuper
1211 3939 1338 4002 feriente
1351 3952 1411 4000 cum

336 4042 487 4108 mediocri
509 4043 632 4123 malleo,
655 4043 838 4129 designabis
859 4043 968 4106 oculos
989 4050 1022 4105 et
1043 4062 1146 4119 nares,
1168 4040 1298 4126 capillos
1312 4049 1342 4103 et
1356 4055 1410 4100 ma·

333 4168 432 4211 nuum
454 4145 582 4234 digitos,
602 4146 720 4232 pedum
749 4145 907 4223 articulos,
932 4154 964 4208 et
987 4164 1097 4207 omnes
1119 4152 1240 4207 tractus
1259 4143 1410 4206 vestimen·

333 4261 437 4315 torum
452 4251 485 4314 in
507 4249 660 4335 superiori
682 4257 780 4334 parte,
797 4248 841 4310 ita
863 4256 898 4309 ut
920 4244 1049 4310 interius
1067 4255 1249 4330 appareant,
1265 4245 1316 4309 ubi
1331 4242 1409 4307 etiam

367 4421 373 4449 ¹
392 4419 526 4470 “Rotundo
542 4419 567 4467 in
583 4418 685 4468 inferiori
702 4425 774 4481 parte,
792 4427 816 4468 ct
834 4434 863 4465 ex
881 4416 991 4477 superiori
1009 4422 1073 4476 parte
1091 4429 1143 4461 cum
1163 4414 1227 4462 tenni
1245 4407 1408 4463 nullast-lt·

335 4504 417 4553 Codice
429 4502 637 4566 muranum.
