3018 5170
314 543 384 606 272
660 561 851 604 rusorum
877 560 982 603 arnna
1005 561 1059 603 ιιι.

315 712 464 799 Cumque
481 712 667 797 imposueris
683 713 831 797 smigma,
846 712 1019 776 commisce
1040 711 1215 797 diligenter,
1231 733 1430 799 ponensque

315 838 409 901 super
425 838 542 901 prunas
560 816 675 900 pariter
690 816 840 878 combure
857 815 979 879 fortiter
993 836 1031 877 ac
1054 815 1160 878 denuo
1175 824 1250 878 tere.
1298 814 1429 879 Postea

315 940 354 981 ex
370 918 518 981 anteriori
534 940 609 980 vase
625 917 723 980 funde
746 917 883 979 lexivam
898 917 932 979 in
948 917 1035 995 illud,
1053 918 1084 979 in
1104 939 1170 1002 quo
1185 927 1233 981 est
1257 919 1375 1003 pulvis,
1393 927 1431 981 et

315 1021 487 1083 commisce
503 1031 600 1106 atque
612 1020 661 1082 fac
678 1020 789 1082 bullire
805 1019 869 1097 diu,
879 1029 911 1081 et
926 1041 999 1082 cum
1015 1018 1164 1104 frigidum
1178 1019 1271 1082 fuerit
1286 1020 1430 1083 refunde

315 1123 406 1186 simul
421 1145 495 1186 cum
511 1124 639 1207 pulvere
655 1121 707 1184 ubi
726 1120 811 1207 pn'us
827 1132 905 1199 erat,
916 1122 970 1185 ubi
986 1122 1082 1185 etiam
1094 1130 1232 1207 quatuor
1246 1122 1429 1206 particulas

316 1224 404 1308 cupri
434 1225 591 1310 impones,
622 1247 677 1310 per
707 1248 786 1311 quas
817 1224 1061 1288 commisceatur
1090 1223 1193 1308 pulvis
1223 1244 1279 1308 per
1310 1226 1428 1289 omnia

316 1326 462 1411 quotiens
477 1328 621 1391 volueris.
668 1326 740 1389 Hac
752 1326 953 1390 confectione
968 1325 1122 1388 solidatur
1133 1346 1246 1387 aurum
1257 1336 1290 1388 et
1306 1347 1427 1410 argen-

316 1436 403 1506 tum;
427 1430 482 1492 sed
509 1430 541 1491 in
565 1429 731 1494 solidando
756 1451 834 1491 auro
858 1437 1098 1491 commoveatur
1121 1427 1236 1513 pulvis,
1261 1436 1298 1490 ut
1324 1449 1427 1512 supra

316 1529 437 1593 dictum
453 1541 510 1608 est,
527 1531 559 1593 in
575 1542 709 1617 argento
725 1554 800 1594 vero
816 1530 985 1594 solidando
999 1552 1066 1593 non
1080 1540 1257 1594 moveatur.

659 2000 889 2098 CAPUT
947 1999 1073 2096 LII.

549 2224 594 2265 DE
617 2224 822 2268 IMPONENDA
845 2223 1061 2268 SOLIDATURA
1084 2222 1187 2267 AURO.

319 2370 449 2521 HIS
458 2372 502 2436 ita
511 2375 697 2460 compositis
707 2375 816 2459 accipe
828 2374 899 2436 illas
910 2373 991 2436 duas
1001 2382 1107 2458 partes
1116 2369 1195 2450 auri,
1204 2370 1322 2456 quibus
1333 2372 1416 2435 auri·

419 2475 522 2539 culas¹
537 2476 692 2555 formasti,
708 2485 740 2539 et
752 2498 834 2561 pone
845 2497 953 2539 coram
965 2485 996 2538 te
1008 2495 1215 2560 gemmasque
1225 2474 1416 2561 quasimpo-

315 2598 389 2639 uere
398 2579 545 2658 volueris,
555 2602 638 2664 pone
651 2600 745 2664 super
757 2600 821 2658 eas,
831 2587 864 2642 et
873 2577 1061 2663 margaritas
1068 2574 1090 2655 ²,
1106 2597 1369 2663 unamquamque
1382 2577 1412 2639 in

315 2680 464 2744 suoloco.
488 2681 613 2746 Deinde
622 2691 750 2768 percute
760 2703 871 2745 aumm
881 2680 997 2766 gracile
1007 2688 1039 2743 et
1047 2680 1189 2764 longum,
1199 2687 1231 2741 et
1240 2678 1333 2742 trahe
1342 2679 1413 2742 inde

314 2782 369 2844 fila
383 2804 505 2866 grossa,
522 2785 693 2849 mediocria
708 2795 740 2847 et
763 2783 901 2862 subtilia,
917 2793 949 2846 et
970 2783 1047 2845 lima
1060 2803 1099 2846 ea
1120 2782 1203 2845 ferro
1218 2782 1412 2867 supradicto,

313 2885 358 2948 ita
382 2895 417 2949 ut
440 2886 472 2949 in
488 2891 533 2951 eis
549 2910 649 2973 grana
673 2890 858 2952 formentur.
904 2887 1029 2961 Quibus
1053 2886 1198 2965 recoctiS,
1213 2888 1360 2973 repositis
1381 2896 1411 2950 et

313 2990 470 3073 colligatis
493 2991 694 3075 singulariter
718 2992 864 3078 gemmis,
889 3000 1012 3076 partem
1038 2991 1169 3075 majoris
1199 2991 1255 3068 fili,
1286 2990 1410 3076 aptabis

313 3112 386 3153 cum
404 3091 522 3174 forcipe
538 3092 654 3171 subtili,
670 3094 754 3157 circa
770 3116 858 3157 oram
874 3093 958 3157 auris
973 3094 1005 3155 in
1019 3093 1161 3178 utrisque
1185 3093 1328 3176 partibus
1343 3092 1408 3169 illis,

313 3203 432 3258 etcum
458 3194 577 3280 forcipe
602 3194 750 3259 incisorio
766 3196 862 3259 facies
884 3195 1104 3259 subtilissimas
1127 3195 1281 3259 incisuras
1295 3197 1331 3259 in
1353 3196 1407 3260 cir·

313 3296 408 3377 cuitu,
419 3297 535 3384 quibus
549 3298 753 3362 confirmabis
768 3298 836 3383 ipsa
851 3299 906 3361 fila
917 3320 957 3361 ne
972 3299 1098 3376 cadant,
1109 3297 1212 3361 donec
1226 3300 1406 3364 solidentur.

315 3399 527 3465 Postmodum
557 3401 665 3487 accipe
694 3409 816 3486 partem
846 3401 913 3463 auri
936 3411 1063 3464 tenuem
1094 3410 1126 3464 et
1160 3400 1265 3486 ligneo
1296 3403 1405 3466 malleo

312 3514 481 3590 aequatam,
496 3517 527 3566 et
551 3505 673 3568 colloca
688 3525 783 3588 super
806 3524 877 3566 eam
893 3502 950 3566 fila
973 3502 1145 3565 mediocria
1167 3504 1303 3567 multum
1325 3502 1405 3568 ordi·

312 3607 423 3685 patim,
435 3607 479 3671 ita
492 3617 608 3671 utnon
624 3606 682 3669 sibi
698 3606 891 3683 adhaereant,
907 3605 963 3667 sed
979 3603 1119 3667 habeant
1133 3605 1237 3691 spatia
1251 3605 1335 3670 inter
1354 3628 1402 3681 se,·

310 3710 343 3773 in
369 3710 602 3774 summitatibus
618 3731 726 3773 eorum
742 3708 821 3771 liant
841 3708 971 3771 subtiles
994 3706 1139 3769 incisurae
1154 3707 1186 3769 in
1210 3708 1297 3771 tenui
1320 3728 1401 3784 auro,

310 3810 427 3896 quibus
453 3812 601 3896 ligentur.
645 3812 853 3897 Acceptoque
868 3810 997 3874 vasculo
1021 3809 1054 3871 in
1068 3831 1133 3895 quo
1148 3819 1197 3873 est
1221 3810 1400 3884 solidatum,

311 3922 445 3976 concute
462 3913 594 3993 fortiter,
609 3923 645 3976 ut
659 3913 900 3977 commisceatur
915 3912 1027 3997 pulvis,
1042 3919 1163 3976 etcum
1177 3933 1285 3998 penna
1298 3908 1402 3999 gracili

310 4014 399 4078 linies
415 4016 516 4099 ipsam
532 4014 737 4078 solidatumm
754 4037 849 4100 super
869 4036 981 4078 aurum
1002 4014 1129 4078 illudet
1150 4036 1245 4099 super
1259 4015 1314 4077 fila
1335 4011 1400 4076 dili·

310 4125 421 4207 genter
437 4118 625 4203 peremnia,
641 4119 811 4204 mittesque
826 4118 859 4180 in
881 4117 988 4203 ignem
1003 4128 1099 4203 atque
1120 4114 1262 4179 sufflabis
1278 4116 1350 4179 folle
1369 4121 1399 4175 et

441 4320 449 4351 ¹
465 4318 549 4369 vitiosi
561 4325 577 4350 ‘⁴
584 4322 697 4371 auriculas
705 4321 729 4381 ;”
745 4324 774 4371 in
787 4323 843 4371 eod.
857 4323 955 4385 eulpa
971 4319 1142 4379 “auriculam''
1152 4321 1251 4369 videtur.

439 4403 450 4433 ⁸
466 4407 483 4431 “
492 4405 608 4464 marries,”
618 4421 635 4454 a
645 4401 793 4466 midufulrd
800 4405 909 4468 ponitur.
