3096 5168
624 521 814 562 Trimerum
842 520 944 562 LIBER
970 523 1005 564 11.

613 835 846 930 CAPUT
906 834 999 930 XL

502 1071 545 1111 DE
568 1070 740 1113 AMPULLrs
762 1071 833 1113 CUM
859 1070 970 1113 mnno
993 1069 1111 1112 cosm.

341 1231 439 1296 UOD
466 1233 491 1295 si
515 1234 650 1297 volueris
674 1234 830 1318 ampullas
852 1255 926 1297 cum
949 1233 1044 1317 longo
1068 1232 1150 1295 collo
1173 1230 1289 1309 secere,
1312 1233 1359 1296 sic

376 1357 446 1419 age.
492 1334 574 1398 Cum
602 1334 775 1398 sufflaveris
801 1333 939 1398 calidum
963 1333 1078 1396 vitrum
1105 1332 1195 1419 qnasi
1217 1333 1358 1396 vesicam

258 1461 418 1523 magnam,
434 1438 560 1500 obstrue
582 1438 723 1500 foramen
744 1437 854 1499 fistulis
875 1436 987 1521 pollice
1006 1445 1072 1514 tu0,
1088 1458 1128 1498 ne
1147 1435 1227 1498 forte
1243 1446 1358 1499 ventus

259 1550 361 1616 exeat,
385 1540 510 1601 vibrans
534 1539 635 1624 ipsam
659 1541 797 1602 fistulam
820 1561 892 1602 cnm
917 1539 1007 1613 vitro,
1028 1537 1113 1624 quod
1136 1538 1164 1600 ei
1187 1538 1359 1622 appendet,

257 1642 338 1703 ultra
353 1652 450 1725 caput
464 1649 564 1719 tuum,
580 1663 619 1704 eo
642 1640 738 1704 modo
761 1642 851 1727 quasi
868 1641 944 1703 veiis
965 1661 1034 1702 eam
1056 1639 1217 1724 projicere,
1233 1648 1266 1702 et
1280 1661 1358 1702 mox

258 1756 389 1806 extenso
405 1743 487 1806 collo
502 1744 570 1828 ejus
587 1743 620 1804 in
641 1744 781 1828 lnngm,
797 1744 919 1805 elevata
934 1763 1031 1804 manu
1046 1750 1099 1804 tua
1115 1741 1147 1803 in
1163 1742 1273 1817 altum,
1289 1742 1359 1804 sine

258 1846 396 1907 fistulam
411 1868 482 1908 curn
499 1867 573 1907 vase
590 1845 717 1908 inferius
732 1845 920 1930 dependere,
936 1854 972 1906 ut
990 1843 1105 1906 collum
1120 1864 1184 1905 non
1199 1853 1359 1919 curvetur,

257 1947 349 2010 etsie
365 1970 513 2033 separans
529 1969 601 2010 cnm
618 1947 749 2011 humido
765 1947 851 2031 ligno
868 1947 956 2009 mitte
971 1946 1003 2007 in
1019 1944 1146 2007 furnum
1162 1945 1324 2029 refrigerii.

602 2659 832 2755 CAPUT
889 2660 1016 2756 XIL

343 2892 389 2935 DE
412 2890 570 2935 nlvsnsls
594 2892 688 2936 VITR!
712 2892 904 2938 commus
929 2894 997 2938 NON
1019 2892 1275 2937 rasnsnucrms.

263 3054 623 3206 INVENIUNTUR
638 3058 671 3120 in
687 3057 824 3143 antiquis
839 3057 981 3120 aedificiis
1005 3055 1209 3143 Pagnnorum
1233 3056 1265 3120 in
1288 3080 1363 3120 mu·

329 3156 398 3221 sivo
420 3180 514 3243 opere
536 3158 660 3223 diversa
682 3181 799 3245 genere
814 3157 904 3237 vitri;
925 3158 1071 3222 videlicet
1086 3158 1206 3236 elbum,
1221 3157 1361 3240 nigrum,

259 3259 368 3339 viride,
390 3282 548 3340 croceum,
571 3261 761 3348 saphireum,
784 3261 1006 3341 rubicundum,
1029 3282 1231 3348 purpureum,
1245 3267 1278 3323 et
1293 3283 1360 3325 non

260 3374 310 3429 est
325 3362 501 3450 perspicax,
517 3363 572 3428 sed
588 3364 721 3427 densum
738 3363 770 3427 in
785 3363 916 3427 modum
932 3363 1108 3444 marmoris,
1124 3371 1157 3427 et
1170 3372 1244 3428 sunt
1264 3364 1362 3450 quasi

259 3466 371 3554 lepidi¹
396 3466 518 3553 quadri,
537 3488 577 3529 ex
600 3464 717 3552 quibus
741 3466 823 3529 fiunt
846 3467 963 3531 electra
990 3466 1021 3530 in
1051 3488 1140 3546 euro,
1167 3475 1299 3551 argento
1326 3473 1362 3529 et

260 3590 370 3653 cupro,
394 3566 435 3630 de
459 3566 574 3653 quibus
601 3565 634 3629 in
649 3587 707 3630 suo
737 3567 808 3631 loco
838 3568 1029 3633 sufficienter
1057 3567 1209 3632 dicemus.
1264 3566 1363 3633 Inre*

260 3669 391 3732 niuntur
412 3667 508 3732 etiem
522 3669 650 3732 vascula
673 3668 797 3733 diverse
819 3669 991 3734 eorundem
1014 3671 1167 3749 colorum,
1185 3692 1256 3757 quae
1271 3670 1364 3734 colli·

262 3780 344 3856 gunt
367 3767 481 3832 Franci
503 3769 536 3831 in
558 3768 619 3833 hoc
642 3792 737 3856 opere
762 3770 951 3857 peritissimi,
977 3781 1009 3836 et
1030 3771 1209 3856 saphireum
1229 3772 1364 3859 quidem

261 3869 399 3934 fundunt
412 3870 445 3933 in
461 3868 560 3934 furnis
577 3873 650 3946 suis,
666 3872 821 3938 addentes
837 3874 866 3937 ei
880 3874 1040 3938 modicum
1056 3875 1126 3939 vitri
1141 3876 1217 3939 cleri
1232 3884 1264 3939 et
1283 3876 1365 3957 albi,

261 3980 294 4035 et
309 3970 430 4034 faciunt
443 3971 570 4036 tabulas
585 3973 702 4058 saphiri
718 3975 872 4060 pretiosas
888 3999 925 4040 ec
941 3977 1017 4041 satis
1031 3977 1124 4042 utiles
1147 3978 1178 4040 in
1202 3976 1365 4041 fenestris

262 4068 397 4138 Faciunt
411 4073 507 4138 etiem
523 4096 563 4138 ex
579 4096 717 4161 purpura
732 4087 763 4140 et
778 4078 868 4141 viridi
883 4078 1034 4144 similiter.

615 4262 622 4291 ¹
639 4264 672 4312 n
682 4267 758 4315 sors
771 4269 871 4331 dulps.
888 4270 905 4296 r
913 4268 1008 4330 npnnr
