3018 5170
317 521 383 584 286
666 538 858 582 annornm
881 536 985 580 arana
1008 536 1060 582 111.

317 713 389 776 qum
405 692 509 755 cauda
525 690 655 754 habebit
670 691 702 752 in
718 689 899 752 summitate
914 698 1010 773 caput
1024 688 1125 752 leonis
1140 687 1231 750 fusile
1246 696 1278 750 et
1297 686 1429 750 decen·

317 793 439 856 tissime
464 794 633 878 sculptum,
650 791 734 877 quod
761 800 856 874 caput
877 790 997 853 tenebit
1018 788 1206 876 pelviculam
1226 789 1260 852 iu
1274 811 1326 852 ore
1339 811 1426 852 suo.

318 894 459 957 Habebit
471 895 567 957 etiam
579 895 610 956 in
624 895 723 957 altera
733 892 916 955 summitate
929 902 1024 976 caput
1034 892 1127 954 simili
1138 891 1233 955 modo
1243 892 1426 975 sculptum,

316 998 348 1060 in
362 997 453 1080 cujus
468 1018 522 1060 ore
538 995 689 1082 pendebit
702 996 826 1071 anulus,
842 1016 898 1079 per
912 994 1031 1057 inserto
1046 993 1148 1078 digito
1170 992 1288 1078 portari
1302 991 1425 1076 possit.

318 1098 454 1184 Reliqua
469 1120 544 1162 vero
560 1099 663 1161 cauda
676 1098 756 1160 inter
770 1097 834 1160 duo
847 1096 954 1181 capita
970 1094 1113 1158 decorari
1124 1094 1219 1157 debet
1230 1093 1346 1178 nigello
1359 1112 1427 1177 per

317 1201 397 1280 loca,
413 1213 445 1264 et
460 1223 515 1285 per
537 1202 608 1264 loca
629 1221 724 1285 opere
747 1199 829 1262 fusili
851 1207 883 1260 et
898 1197 1064 1283 punctorio
1081 1206 1114 1260 et
1135 1195 1244 1258 litteris
1267 1216 1425 1258 versuum

318 1302 439 1364 exarari
455 1303 488 1364 in
503 1325 561 1366 suo
576 1303 657 1366 loco.
704 1301 867 1364 Pelvicula
882 1322 956 1363 vero
979 1321 1050 1386 quaa
1065 1298 1097 1360 in
1113 1295 1293 1360 summitate
1307 1304 1374 1373 est‚'
1387 1296 1424 1358 in

319 1403 424 1466 medio
439 1403 538 1466 sundo
561 1403 711 1488 perforari
726 1403 831 1481 debet,
848 1401 1014 1465 latitudine
1036 1400 1171 1464 duorum
1187 1398 1362 1484 digitorum
1386 1397 1424 1458 in

318 1504 521 1582 rotunditate,
545 1505 756 1569 subtilissimis
783 1504 989 1568 foraminibus
1020 1526 1075 1589 per
1099 1524 1171 1588 quoe
1195 1499 1291 1563 colari
1317 1497 1423 1561 debet

318 1605 425 1668 vinum
441 1617 472 1668 et
486 1628 570 1692 aqua
590 1607 622 1668 in
640 1607 771 1669 calicem
795 1607 954 1690 ponenda,
970 1628 1026 1691 per
1040 1603 1153 1691 quam¹
1179 1608 1421 1666 sacramentum

321 1705 481 1770 Dominici
497 1708 661 1793 sanguinis
677 1708 852 1772 conficitur.

615 2265 843 2362 CAPUT
913 2264 1123 2361 LVIII.

748 2485 795 2527 DE
817 2484 991 2527 AMPULLA.

321 2634 397 2787 Sl
414 2659 489 2701 vero
500 2636 635 2700 volueris
650 2635 822 2721 ampullam
832 2655 1021 2719 componere
1035 2634 1076 2697 ad
1088 2634 1284 2701 fundendum
1296 2639 1412 2718 riuum,

424 2749 552 2824 percute
573 2748 740 2824 argentum
764 2737 878 2800 eodem
902 2736 1008 2816 modo,
1031 2757 1096 2823 quo
1122 2738 1292 2822 percutimr
1313 2741 1413 2804 nodus

319 2840 409 2925 pedis
419 2841 451 2903 in
466 2842 574 2918 calice,
584 2849 718 2926 excepto
730 2838 817 2925 quod
831 2847 937 2903 venter
952 2840 1098 2924 ampulla
1110 2839 1210 2903 multo
1221 2841 1312 2904 latior
1321 2841 1412 2905 debet

320 2941 458 3021 formari,
481 2952 515 3006 et
537 2944 654 3006 collum
679 2943 747 3026 ejus
771 2963 865 3027 super
887 2941 1035 3005 incudem
1057 2942 1187 3027 longam
1212 2953 1244 3007 et
1267 2944 1411 3029 gracilem

321 3043 436 3107 malleo
452 3065 569 3106 corneo
581 3055 614 3107 et
628 3044 778 3107 mediocri
797 3044 897 3108 ferreo
913 3044 1010 3108 debet
1024 3044 1206 3130 constringi.
1252 3044 1410 3110 Interdum

319 3146 415 3208 etiam
437 3145 507 3230 ipsa
529 3145 679 3230 ampulla,
702 3168 776 3209 cnm
798 3146 929 3231 coeperit
949 3146 1087 3225 formari,
1109 3146 1277 3231 impleatur
1297 3148 1368 3212 cera
1382 3154 1411 3208 et

320 3248 435 3311 malleo
450 3246 600 3310 mediocri
615 3247 716 3311 ferreo
732 3248 843 3311 leniter
854 3248 1055 3333 percutiatur,
1067 3258 1103 3311 ut
1112 3248 1142 3312 ei
1153 3250 1328 3313 rotunditas
1338 3269 1408 3313 veu-

320 3350 375 3413 tris
402 3359 435 3413 et
460 3348 581 3435 effigies
607 3350 679 3413 colli
703 3350 865 3414 decentius
891 3359 924 3414 et
946 3352 1098 3437 aequalius
1123 3361 1257 3437 aptetur.
1301 3351 1409 3436 Sicque

319 3451 422 3538 ejecta
443 3451 516 3517 ceria
537 3473 631 3537 super
653 3452 807 3516 carbones
828 3453 942 3516 iterum
965 3465 1164 3540 recoquatur,
1179 3466 1212 3519 et
1226 3456 1330 3519 denuo
1343 3468 1408 3518 cert

319 3554 510 3640 imponatur,
526 3578 563 3619 ac
578 3555 661 3619 sicut
676 3556 762 3640 prius
774 3556 978 3641 percutiatur,
994 3556 1096 3620 donec
1111 3558 1241 3621 omnino
1256 3557 1407 3621 formetur.
1495 3566 1496 3569 ’

321 3655 396 3730 Quo
412 3657 496 3721 facto
512 3657 539 3720 si
551 3656 686 3721 volueris
701 3656 734 3720 in
748 3658 818 3743 ipsa
832 3659 971 3744 ampulla
981 3658 1135 3745 imagines
1150 3667 1205 3723 aut
1219 3659 1335 3723 bestias
1348 3656 1406 3720 sive

319 3756 415 3820 flores
437 3780 532 3843 opere
554 3759 665 3822 ductili
687 3758 801 3839 lacere,
825 3780 982 3847 compone
1003 3761 1037 3824 in
1058 3760 1168 3846 primis
1184 3760 1407 3826 conlectionem

319 3878 360 3920 ex
377 3858 446 3942 pice
462 3868 494 3922 et
508 3880 581 3922 cera
597 3871 628 3923 et
644 3861 758 3945 tegula.

516 4064 523 4094 ¹
542 4066 618 4116 Oodat
631 4068 739 4130 Ouelpa,
752 4069 768 4093 “
776 4067 850 4129 quae,”
860 4069 926 4118 tata
932 4085 944 4123 ,·
960 4069 978 4117 ι’.
986 4084 1004 4119 a.
1016 4070 1098 4117 visun
1107 4076 1128 4119 ct
1137 4086 1210 4134 aquo.
