3018 5170
319 507 382 568 304
669 529 862 573 nnsornrtr
888 530 991 574 ursan
1015 531 1066 575 ιιι.

320 698 387 738 sam
401 688 546 740 catenam
558 700 612 762 per
624 690 727 763 partes
740 681 779 743 ad
791 683 1000 767 quantitatem
1013 682 1151 760 turibuli,
1163 682 1300 747 mediam
1313 692 1415 745 auteur
1504 672 1505 747 ι

321 788 440 861 partem
465 780 648 860 breviorem,
672 794 704 845 et
725 784 884 868 longiores
902 784 1056 872 reliquas;
1079 786 1195 870 aptatis
1211 784 1416 849 foraminibus
1504 766 1505 813 t

319 881 352 943 in
382 882 521 967 utrisque
552 884 785 949 summitatibus
815 895 1009 964 catenarum,
1040 886 1224 950 obfirmabis
1254 909 1320 964 eas,
1350 907 1417 971 quae
1504 916 1505 977 p

320 983 479 1067 longiores
494 995 577 1062 sunt,
593 985 624 1047 in
640 985 785 1050 inferiore
802 996 890 1071 parte
902 988 1030 1051 turibuli
1045 988 1142 1052 clavis
1157 989 1256 1053 firmis
1272 1000 1305 1053 et
1318 1000 1416 1052 trans
1504 992 1505 1067 l

321 1082 425 1146 ductis
438 1109 446 1162 ;
478 1086 663 1171 compositas
690 1110 744 1173 per
770 1089 962 1174 superiorem
991 1100 1111 1175 partem
1137 1092 1283 1177 impones
1310 1092 1416 1155 anulos
1504 1072 1505 1151 l

321 1186 479 1272 parvulos,
494 1208 566 1250 cum
588 1189 702 1274 quibus
724 1190 850 1275 aptabis
872 1201 905 1254 et
923 1192 1109 1256 obfirmabis
1128 1214 1182 1256 eas
1202 1192 1244 1256 ad
1259 1193 1360 1256 lilium
1373 1193 1416 1254 in-
1504 1234 1505 1273 ι

321 1287 425 1365 serius,
441 1311 496 1373 per
512 1290 597 1375 quod
613 1313 711 1354 manu
732 1292 847 1376 gestari
866 1292 1053 1358 debetcum
1072 1315 1189 1379 magno
1205 1295 1303 1359 anulo
1318 1295 1415 1358 eidem
1504 1280 1505 1333 l

321 1390 463 1473 superius
479 1390 637 1476 imposito.
685 1392 828 1456 Mediam
844 1416 917 1459 vero
940 1404 1097 1475 catenam,
1120 1418 1192 1481 quae
1213 1395 1341 1460 brevior
1361 1403 1416 1472 ast,

321 1490 503 1553 obfirmabis
526 1492 617 1556 clavo
640 1493 673 1557 in
695 1495 846 1580 superiori
868 1506 957 1582 parte
979 1497 1107 1561 turibuli
1130 1498 1161 1561 in
1176 1520 1241 1562 uno
1257 1498 1372 1583 capite,
1387 1504 1416 1560 et

320 1592 451 1654 alterum
472 1593 621 1678 imposito
643 1595 737 1659 anulo
760 1598 886 1683 aptabis
907 1598 1036 1664 inferius
1057 1599 1116 1663 sub
1130 1599 1213 1679 litio,
1238 1601 1334 1665 etsie
1348 1621 1415 1685 pro·

320 1698 444 1762 curabis
459 1708 495 1762 ut
508 1700 678 1765 turibulum
695 1725 734 1766 ex
749 1705 836 1767 omni
853 1715 940 1790 parte
955 1707 1115 1792 aequaliter
1129 1707 1276 1792 pendeat

366 1799 506 1864 Possunt
531 1803 626 1867 etiarn
650 1804 763 1869 eodem
787 1809 883 1872 modo
910 1817 943 1872 et
967 1809 1087 1887 ordine,
1114 1831 1179 1896 quo
1203 1808 1412 1894 praediximus,

320 1902 457 1965 turibula
479 1903 610 1969 dirersae
634 1905 743 1970 lormae
765 1919 797 1971 et
819 1909 934 1974 diversi
956 1911 1059 1995 operis
1081 1912 1201 1996 percuti
1224 1919 1257 1975 et
1275 1911 1366 1975 fundi
1384 1910 1413 1972 in

320 2027 397 2067 auro
416 2015 448 2068 et
467 2017 600 2091 argento
621 2018 717 2094 atque
737 2011 903 2075 auricalco.
949 2010 1012 2076 Sed
1034 2033 1226 2098 magnopere
1242 2012 1412 2077 carendum

321 2118 381 2185 est,
397 2116 432 2170 ut
447 2108 648 2187 auricalcum,
664 2111 749 2197 quod
766 2111 910 2176 deaurari
924 2113 1028 2193 debet,
1048 2116 1178 2180 omniuo
1199 2137 1315 2201 purum
1333 2115 1373 2178 sit
1384 2123 1413 2177 et

321 2222 489 2295 purgatum
504 2233 524 2274 a
538 2212 678 2296 plumbo,
695 2224 823 2299 propter
838 2214 963 2278 diversa
980 2215 1160 2295 infortunia,
1175 2238 1249 2303 quoe
1263 2215 1410 2280 deauran-
1504 2232 1505 2275 ι

321 2312 403 2375 tibus
433 2313 558 2376 evenire
588 2315 699 2378 solent.
746 2314 843 2390 Quod
870 2316 1062 2381 auricalcum
1092 2319 1119 2381 si
1144 2318 1191 2381 vis
1217 2338 1411 2404 componere,

322 2415 421 2499 primo
437 2425 581 2480 naturam
597 2417 696 2503 cupri,
711 2439 751 2482 ex
766 2440 831 2504 quo
846 2419 988 2499 efficitur,
1004 2419 1100 2484 disce.

616 3057 848 3154 CAPUT
907 3057 1119 3154 LXIII.

774 3295 820 3338 DE
842 3293 964 3339 GUPRO.

394 3442 563 3509 UPRUM
580 3443 613 3506 in
636 3452 718 3507 terra
740 3443 889 3507 nascitur.
935 3442 1037 3529 Cujus
1053 3463 1133 3506 vena
1155 3464 1228 3506 cum
1251 3442 1405 3517 invenitur,

435 3569 559 3612 summo
577 3545 685 3610 labore
707 3544 857 3609 fodiendo
880 3554 913 3609 et
934 3544 1112 3629 frangendo
1131 3544 1311 3632 aequiritur.
1353 3541 1406 3604 Est

320 3649 404 3714 enirn
419 3650 500 3736 lapis
522 3649 628 3713 colore
643 3646 749 3710 viridis
772 3669 809 3710 ac
831 3646 1017 3710 durissimus
1034 3655 1066 3708 et
1087 3646 1218 3731 plumbo
1235 3644 1405 3709 naturaliter

321 3752 448 3815 mixtus.
487 3751 551 3827 Qui
566 3751 645 3836 lapis
660 3749 858 3814 abundanter
872 3748 1007 3814 effossus
1019 3770 1098 3834 rogo
1113 3749 1275 3834 inponitur
1289 3758 1406 3813 eteoru-

319 3853 440 3916 buritur
453 3853 486 3915 in
502 3853 634 3916 modum
656 3852 762 3933 calcis,
784 3874 843 3917 nec
863 3861 971 3916 tamen
991 3860 1093 3915 mutat
1114 3851 1263 3931 colorem,
1283 3850 1334 3915 sed
1349 3848 1403 3911 du·

319 3953 423 4018 ritiam
444 3954 561 4019 amittit
583 3964 618 4019 ut
639 3956 806 4042 confrangi
833 3956 941 4040 possit.
988 3955 1115 4022 Deinde
1137 3957 1315 4021 minutatim
1334 3973 1403 4021 cou-v
1499 3974 1500 4035 t

319 4057 438 4121 fractus
453 4056 573 4120 fornaci
596 4057 777 4143 imponitur,
792 4058 919 4122 follibus
940 4068 1035 4145 atque
1050 4059 1241 4124 carbonibus
1255 4052 1403 4127 adhibitis,
1499 4052 1500 4119 Ῠ

318 4161 512 4224 incessanter
525 4159 576 4222 die
591 4181 629 4223 ac
652 4168 744 4223 nocte
760 4160 924 4224 conflatur.
971 4160 1067 4235 Quod
1084 4162 1187 4247 ipsum
1202 4160 1362 4245 diligenter
1374 4162 1403 4215 et

319 4273 411 4329 caute
434 4262 500 4327 fieri
523 4261 635 4341 debet;
658 4261 689 4325 id
711 4270 768 4342 est,
790 4270 825 4325 ut
845 4263 946 4348 primo
967 4264 1121 4328 carbones
1141 4256 1353 4349 inponantur¹,
1374 4261 1403 4316 el

353 4457 359 4486 ¹
373 4459 483 4509 “Deinde
492 4459 576 4522 lapidis
584 4458 688 4508 minutia
700 4456 901 4520 superfundantur,
910 4473 1044 4520 rursumque
1052 4459 1182 4507 carbones¹¹
1198 4458 1239 4507 Ex
1249 4456 1301 4506 eod.
1311 4448 1401 4512 Guelpb
