3096 5168
675 545 864 589 THEOPHILI
891 548 993 591 LIBER
1017 549 1039 591 l.

580 763 820 859 CAPUT
881 763 1168 859 XXXVII.

720 968 765 1008 DE
788 968 901 1009 vnum
926 967 1037 1011 SALSO.

394 1094 407 1156 I
432 1106 537 1160 autcm
573 1099 704 1162 viridem
726 1100 863 1163 colorem
890 1100 971 1164 velis
996 1101 1163 1178 conficere,
1189 1118 1280 1162 sume
1303 1098 1427 1182 lignum

413 1203 606 1287 quercinum,
622 1213 750 1288 quantae
772 1203 977 1289 longitudinis
992 1213 1024 1266 et
1039 1202 1212 1265 latitudiuis
1227 1201 1380 1276 volucris,
1396 1210 1429 1263 et

330 1325 410 1366 cava
436 1304 511 1366 illud
533 1306 565 1366 in
588 1304 719 1368 modum
740 1306 855 1369 scrinii.
903 1305 1028 1370 Deinde
1051 1306 1127 1369 tolle
1152 1326 1295 1390 cupmm,
1317 1311 1350 1366 et
1377 1303 1427 1366 lac

331 1406 404 1467 illud
421 1406 574 1469 attenuari
598 1407 629 1468 iu
653 1408 797 1486 laminas,
813 1419 941 1494 quantae
963 1406 1137 1471 latitudinis
1156 1406 1243 1485 velis,
1259 1414 1296 1467 ut
1317 1414 1427 1468 tamen

331 1509 494 1593 longitudo
515 1510 584 1594 ejus
607 1510 768 1594 coopcn'at
792 1511 989 1574 latitudinem
1019 1511 1088 1575 cavi
1118 1508 1205 1595 ligni.
1251 1507 1335 1571 Post
1360 1506 1427 1570 haec

330 1613 437 1695 accipe
459 1613 620 1675 scutellam
638 1613 764 1697 plenam
791 1613 876 1690 salis,
899 1621 932 1675 et
961 1611 1172 1697 comprimens
1194 1632 1269 1674 eum
1294 1610 1426 1687 fortiter,

331 1714 419 1775 mitte
434 1712 466 1775 in
481 1713 585 1797 ignem
603 1724 635 1777 et
654 1715 780 1799 cooperi
799 1714 991 1778 carbonibus
1013 1736 1069 1799 per
1090 1723 1229 1791 noctem,
1245 1712 1328 1776 etin
1343 1734 1427 1776 cras-

329 1815 430 1876 tinum
446 1823 511 1878 tere
533 1837 605 1878 eum
621 1816 859 1901 diligentissime
882 1837 975 1902 super
997 1815 1134 1902 lapidem
1149 1815 1279 1879 siccum.
1327 1814 1427 1878 Oum-

329 1939 391 2002 que
407 1918 565 2004 acceperis
581 1920 722 1982 surculos
737 1918 881 2004 graciles,
897 1918 1019 1982 colloca
1040 1940 1095 1981 eos
1117 1916 1150 1980 ln
1172 1917 1360 2002 pradictum
1375 1939 1427 1981 ca·

331 2032 437 2085 vatum
455 2023 587 2109 lignum,
602 2023 647 2087 ita
670 2034 705 2086 ut
726 2022 797 2086 duoe
819 2032 924 2108 partes
947 2022 1017 2086 cavi
1039 2021 1103 2085 siut
1124 2021 1265 2100 inferius,
1280 2029 1314 2084 et
1336 2021 1427 2086 tertia
1536 2018 1537 2047 *

330 2127 482 2213 superius,
507 2125 634 2213 sicque¹
668 2125 801 2189 laminas
826 2147 958 2212 cupreas
983 2146 1024 2188 ex
1059 2134 1193 2211 utraque
1217 2132 1309 2210 parte
1335 2126 1427 2188 melle
1536 2138 1537 2145 ’

330 2252 407 2316 puro
432 2251 604 2316 aspergens
620 2228 754 2314 desuper
776 2229 823 2292 sal
846 2229 964 2309 tritum,
980 2228 1151 2292 collocabis
1170 2248 1264 2313 super
1281 2228 1426 2292 surculos

330 2334 399 2397 illos
411 2333 616 2417 conjunctim,
632 2331 817 2417 cooperiens
832 2331 998 2417 diligenter
1018 2331 1117 2394 altero
1132 2329 1218 2415 liguo
1234 2328 1275 2392 ad
1292 2327 1356 2394 hoc
1371 2350 1427 2416 ap-

330 2447 407 2513 tato,
423 2436 467 2499 ita
485 2444 519 2497 ut
541 2433 618 2497 nihil
640 2433 820 2520 spiraminis
843 2435 929 2499 exire
951 2434 1059 2519 possit.
1106 2431 1187 2496 Post
1209 2431 1259 2496 lac
1282 2431 1426 2496 foramen

330 2538 478 2602 terebrari
492 2537 523 2599 in
548 2537 666 2621 angulo
690 2536 788 2621 ipsius
802 2536 879 2621 ligni
895 2558 952 2622 per
973 2535 1059 2622 quod
1082 2535 1184 2621 possis
1203 2544 1329 2598 acetum
1346 2536 1427 2599 cale·

328 2642 448 2704 lactum
472 2646 527 2701 aut
548 2638 671 2701 urinam
694 2639 828 2703 calidam
851 2638 1028 2717 infundere,
1043 2637 1088 2701 ita
1109 2646 1146 2702 ut
1159 2636 1254 2701 tertia
1269 2658 1345 2722 pers
1360 2639 1427 2723 ejus

328 2741 504 2826 impleatur,
519 2750 552 2803 et
566 2759 644 2803 mox
667 2740 795 2804 obstrue
811 2740 965 2804 foramen.
1013 2738 1084 2802 Hoc
1099 2739 1221 2825 liguum
1236 2738 1269 2802 in
1284 2740 1341 2803 tali
1356 2739 1427 2804 loco

329 2844 427 2908 debes
442 2864 567 2929 ponere,
582 2841 636 2905 ubi
653 2842 755 2927 possis
771 2843 846 2907 illud
869 2842 901 2905 in
922 2840 1116 2928 sterquilinio
1137 2851 1240 2905 totum
1255 2843 1426 2927 cooperire

331 2945 412 3010 Post
426 2956 561 3033 quatuor
583 2967 658 3009 vero
681 2945 875 3030 septimanas
902 2944 990 3007 solve
1013 2944 1206 3029 operculum,
1221 2952 1254 3006 et
1274 2944 1425 3032 quicquid

328 3071 423 3134 super
445 3069 579 3133 cuprum
606 3047 772 3124 inveneris,
788 3047 882 3112 erade
906 3053 938 3108 et
961 3067 1061 3122 serva,
1082 3045 1247 3109 etiterum
1269 3067 1425 3132 reponens

329 3151 458 3237 cooperi
474 3150 583 3214 ordine
599 3172 662 3236 quo
677 3170 781 3234 supra.

575 3521 805 3621 CAPUT
861 3521 1175 3618 XXXVIII.

676 3746 722 3789 DE
744 3743 860 3787 vuum
886 3743 1079 3790 mavamco.

329 3894 405 4046 Sl
437 3917 512 3960 vero
542 3897 640 3960 viride
667 3895 876 3982 Hispanicum
906 3917 1097 3982 componere
1127 3896 1216 3974 velis,
1246 3895 1322 3958 tolle
1341 3894 1424 3979 cupri

404 3996 528 4061 tabulas
555 4007 734 4062 attenuatas
759 4009 792 4062 et
815 3999 930 4062 radens
956 4020 1011 4061 eas
1036 3998 1203 4085 diligenter
1228 4019 1268 4060 ex
1294 4007 1424 4084 utraque

328 4109 427 4185 parte,
454 4100 608 4186 perfunde
633 4110 724 4165 aceto
752 4123 831 4186 puro
857 4110 890 4165 et
914 4100 1154 4187 calidoabsque
1178 4100 1326 4163 melleet
1351 4100 1423 4175 sale,

326 4223 563 4289 componesque
586 4203 618 4265 in
637 4203 750 4267 minori
772 4203 860 4289 ligno
883 4224 974 4283 cavo,
989 4203 1099 4267 ordine
1114 4225 1179 4289 quo
1195 4223 1300 4286 supra.
1348 4199 1425 4262 Post

326 4306 407 4369 duas
431 4305 625 4391 septimanas
649 4305 769 4392 respIce
795 4327 834 4369 ac
850 4304 936 4382 rode,
963 4306 1072 4392 sicque
1097 4305 1195 4369 facies
1215 4303 1317 4366 donec
1341 4301 1425 4365 color

328 4408 386 4471 tibi
403 4408 549 4472 sufficiat.

689 4494 696 4523 ¹
716 4493 830 4551 “liuics,''
847 4510 874 4543 et
886 4495 941 4542 Ma,
955 4494 1053 4557 draps.
