3018 5170
340 461 404 522 310
694 477 885 520 rnaornrrn
910 477 1014 520 arnan
1036 478 1089 521 111.

338 652 494 714 compone
511 650 587 691 vasa
602 639 680 713 quot
695 628 838 691 volucris.
883 628 946 692 Sed
965 652 1038 692 cum
1054 628 1220 715 diligenter
1235 627 1352 693 siccata
1366 630 1424 692 fue-

338 731 409 809 rint,
432 753 515 817 ponc
530 731 563 793 in
580 731 740 794 fornacem
756 730 816 794 tria
831 732 880 794 vel
899 741 1036 817 quatuor
1050 732 1272 819 autquinque,
1287 732 1320 796 in
1334 755 1424 820 quan·

337 841 406 895 tum
422 833 534 898 fornax
549 855 662 920 capere
676 833 786 919 possit,
802 844 835 898 et
847 833 1066 899 circumfunde
1080 834 1247 899 carbones.

757 1091 777 1097 .-
789 1091 1139 1099 ———-—-—-——-—-

639 1286 882 1382 CAPUT
943 1285 1140 1383 LXVI.

670 1527 716 1569 DE
738 1527 993 1572 conposrrlonn
1015 1528 1111 1570 AERIS.

412 1691 585 1769 UMQUE
598 1693 789 1772 canduerit¹,
804 1695 880 1758 tolle
894 1694 1096 1773 calaminam,
1111 1695 1152 1758 de
1167 1714 1233 1781 qua
1248 1717 1341 1781 supra
1353 1695 1423 1772 dixi,

454 1817 527 1858 cum
553 1794 743 1859 carbonibus
772 1795 1012 1860 minutissimam
1038 1796 1157 1876 tritam,
1185 1797 1274 1859 etin
1301 1797 1422 1882 singulis

339 1898 475 1962 vasculis
498 1896 589 1984 quasi
612 1897 653 1961 ad
678 1908 802 1962 sextam
825 1907 946 1984 partem
969 1920 1135 1984 compone,
1158 1907 1191 1962 et
1216 1899 1340 1985 penitus
1360 1920 1422 1962 earn

339 2023 437 2087 cupro
466 1999 646 2084 supradicto
676 2000 773 2086 imple
802 2010 835 2063 et
864 1999 1055 2064 carbonibus
1084 1999 1223 2086 cooperi.
1270 1999 1420 2065 Interdum
1481 2038 1482 2061 i

339 2105 434 2170 etiam
449 2126 525 2167 cum
539 2103 625 2187 ligno
647 2103 755 2189 gracili
777 2112 810 2167 et
830 2124 961 2167 recurvo
983 2102 1140 2167 foramina
1153 2102 1282 2166 inferius
1297 2103 1422 2189 inpinge,
1481 2156 1482 2159 ,

340 2227 380 2268 ne
405 2206 486 2271 forte
513 2205 726 2284 obstruantur,
752 2213 842 2268 utet
863 2204 976 2268 favillae
999 2216 1116 2268 exeant
1135 2214 1311 2291 ventusque
1333 2204 1422 2290 magis
1481 2196 1482 2251 ἒ

340 2308 544 2394 ingrediatur.
592 2306 675 2371 Cum
695 2329 770 2372 vero
793 2329 924 2394 cuprum
949 2307 1079 2372 omnino
1106 2307 1312 2395 liquefactum
1335 2307 1421 2383 fuerit,

340 2412 414 2475 tolle
427 2411 543 2475 ferrum
564 2410 692 2497 gracile,
708 2411 839 2497 longum
862 2418 895 2474 et
915 2432 1058 2489 curvum,
1080 2410 1249 2499 ligneoque
1271 2408 1422 2475 manubrio

339 2514 483 2595 infixum,
498 2523 530 2577 et
551 2513 718 2601 diligenter
739 2534 914 2592 commove,
937 2520 973 2576 ut
994 2513 1153 2577 calamina
1174 2534 1273 2599 cupro
1288 2511 1422 2578 commis

339 2625 457 2680 ceatur.
503 2615 623 2681 Postea
648 2625 756 2681 autem
785 2638 859 2680 cum
888 2615 1006 2701 forcipe
1031 2616 1129 2702 longo
1155 2615 1286 2679 vascula
1310 2613 1422 2700 singula
1481 2640 1482 2643 ¹

340 2718 501 2783 modicum
516 2720 605 2784 eleva
619 2728 682 2784 eta
704 2719 782 2786 locis
804 2720 868 2784 suis
890 2719 1051 2805 paululum
1074 2740 1211 2797 remove,
1228 2740 1268 2782 ne
1283 2718 1362 2783 forte
1374 2715 1423 2779 lari

341 2819 532 2900 adhaereant,
554 2843 741 2909 rursumque
762 2822 795 2884 in
810 2820 957 2885 omnibus
979 2829 1015 2884 ut
1036 2819 1122 2906 prius
1137 2819 1328 2884 calaminam
1342 2839 1423 2905 pone,

340 2931 373 2984 et
398 2943 496 3008 cupro
521 2925 607 3008 reple
632 2934 729 3011 atque
757 2924 946 2989 carbonibus
971 2922 1110 3007 cooperi.
1155 2920 1304 3010 Cumque
1331 2923 1423 2986 denuo
1481 2992 1482 3013 1

341 3024 465 3109 penitus
494 3025 699 3112 liquefactum
732 3027 833 3106 fuerit,
862 3047 1049 3113 rursumque
1077 3025 1318 3112 diligentissime
1345 3045 1424 3089 com·

341 3147 444 3208 more,
459 3136 580 3193 etcum
602 3129 720 3216 forcipe
735 3152 792 3195 vas
813 3151 911 3194 unum
933 3128 1057 3208 eiciens,
1080 3128 1175 3193 sulcis
1197 3129 1231 3192 in
1245 3140 1328 3194 terra
1342 3126 1423 3193 fossis
1481 3142 1482 3193 1

339 3236 442 3293 totum
460 3229 599 3312 effunde,
614 3254 734 3319 vasque
754 3233 788 3296 in
810 3254 868 3297 suo
890 3233 962 3296 loco
984 3252 1111 3317 repone.
1157 3229 1203 3294 Et
1216 3253 1294 3297 mox
1308 3249 1424 3296 sumens
1481 3276 1482 3321 ἶ

339 3334 541 3415 calaminam,
556 3344 593 3400 ut
607 3336 693 3421 prius
707 3337 845 3423 impone,
860 3356 1055 3421 cuprumque
1069 3333 1156 3421 quod
1171 3332 1320 3415 effudisti,
1335 3353 1422 3420 quan·
1481 3356 1482 3395 i

340 3445 408 3502 tum
438 3460 550 3526 capere
580 3438 680 3526 possit
712 3460 899 3526 superpone.
944 3436 1058 3524 quue
1087 3443 1124 3500 ut
1153 3437 1239 3522 prius
1267 3436 1424 3524 liquefacto
1481 3464 1482 3467 ¹

340 3562 507 3607 commove
528 3550 561 3606 et
581 3542 770 3608 calaminam
793 3561 920 3628 repone,
941 3547 1038 3626 atque
1060 3536 1162 3602 effirso
1183 3561 1282 3626 cupro
1303 3539 1426 3626 repleat

341 3643 409 3706 sine
423 3642 585 3730 liquefieri.
630 3643 683 3710 Sic
698 3644 831 3730 singulis
845 3642 930 3708 rasis
943 3640 1050 3706 facito.
1095 3639 1243 3728 Cumque
1259 3665 1313 3729 per
1327 3639 1425 3707 omnia

341 3744 466 3828 penitus
491 3745 585 3809 fuerit
610 3747 816 3834 liquefactum
841 3754 938 3833 atque
961 3743 1136 3807 diutissime
1161 3754 1365 3822 commotum,
1387 3740 1425 3806 ef·
1481 3804 1482 3809 ,

340 3845 438 3910 funde
462 3855 498 3911 ut
520 3847 616 3932 pn'us,
641 3858 674 3914 et
698 3871 790 3914 serra
813 3849 916 3913 donec
940 3868 1020 3932 opus
1042 3845 1202 3910 habueris.
1248 3845 1324 3909 Haec
1346 3865 1426 3908 com-
1481 3864 1482 3933 j

341 3946 454 4014 mixtio
470 3958 602 4014 vocatur
616 3972 670 4032 aes,
685 3952 771 4015 unde
790 3950 938 4029 caldaria,
953 3949 1072 4014 lebetes
1085 3958 1118 4013 et
1132 3949 1238 4036 pelves
1253 3947 1426 4022 funduntur,
1481 3938 1482 4009 l

340 4051 396 4117 sed
413 4073 477 4116 non
492 4058 597 4137 potest
617 4053 771 4134 deaurari,
785 4053 915 4140 quando
937 4060 1011 4118 ante
1030 4052 1284 4117 commixtionem
1299 4068 1425 4135 cupmm
1481 4014 1482 4109 l

340 4154 480 4221 nonfuit
501 4155 624 4242 penitus
639 4178 659 4219 a
673 4156 803 4243 plumbo
826 4166 1003 4244 purgatum.
1051 4155 1177 4220 Deinde
1198 4154 1336 4218 facturus
1351 4150 1426 4216 auri·

341 4262 474 4340 calcum,
489 4259 574 4346 quod
590 4259 691 4346 possit
705 4260 858 4340 deaurari,
874 4260 918 4324 sic
934 4258 1048 4345 incipe.

755 4413 762 4442 ¹
780 4416 796 4441 “
804 4412 960 4475 maduerint,”
971 4410 1026 4462 inl.
