3018 5170
342 538 405 599 354
693 555 885 598 rusorum
910 555 1012 598 ursus
1037 555 1090 598 ur.

343 707 374 767 in
397 705 599 790 percutiendo
621 708 796 793 conjunges
817 706 937 785 domui,
958 715 995 769 ut
1017 703 1111 767 nichil
1136 702 1311 788 spiraminis
1332 708 1422 777 exeat,

344 807 402 869 nisi
419 829 474 892 per
489 807 644 872 foramina
662 809 777 895 quibus
793 809 905 871 listulae
925 808 1113 894 inponendae
1133 814 1217 868 sunt.
1263 803 1344 867 Cum
1358 824 1423 864 vero

343 909 562 972 conflatorium
589 910 680 974 fuerit
705 911 808 973 fusum
837 919 869 973 et
894 911 1048 984 limatum,
1072 918 1167 993 utque
1182 906 1425 993 *uniuscujusque

345 1013 426 1075 sollis
442 1013 547 1074 fistula
563 1034 621 1075 suo
637 1013 814 1075 inductorio
829 1022 989 1098 coaptata,
1005 1011 1156 1096 conjungi
1172 1018 1204 1072 et
1217 1007 1346 1071 firmiter
1359 1026 1424 1068 con·

345 1113 472 1177 solidari
494 1114 599 1195 debet,
612 1115 652 1177 ad
675 1116 805 1177 domum
829 1115 1028 1200 organariam
1050 1112 1189 1190 inferius,
1211 1111 1256 1172 ita
1271 1117 1307 1170 ut
1326 1116 1425 1170 ventus

345 1240 419 1279 suos
453 1217 557 1279 aditus
582 1217 678 1281 libere
711 1218 859 1295 iuveniat,
891 1226 923 1279 et
951 1239 1006 1301 per
1033 1215 1111 1278 alias
1139 1214 1307 1298 juncturas
1337 1209 1425 1271 nulla·

346 1318 456 1380 tenus¹
481 1328 582 1381 excat.
629 1319 701 1381 Hoc
728 1342 856 1405 quoque
884 1314 1098 1382 sollerterius²
1120 1311 1353 1399 procurandum
1378 1316 1425 1384 est,

345 1419 434 1481 utin
457 1420 560 1503 capite
583 1420 828 1507 uniuscujusque
851 1420 943 1497 sollis,
972 1429 1046 1482 ante
1068 1417 1210 1480 foramen
1233 1413 1345 1476 fistulo
1363 1430 1426 1482 suae,

346 1542 476 1605 cuprum
494 1532 587 1584 tenue
602 1522 789 1608 dependeat,
812 1522 898 1608 quod
914 1518 1092 1607 spiraminis
1107 1516 1235 1580 claudat
1249 1514 1378 1588 aditum,
1391 1510 1426 1571 in

346 1631 381 1685 ut
394 1645 465 1685 curu
483 1623 565 1685 follis
577 1624 684 1687 flando
699 1626 867 1710 deponitur
878 1623 952 1686 illud
968 1643 1100 1707 cuprum
1113 1641 1146 1683 se
1158 1619 1270 1694 elevet,
1286 1625 1318 1679 et
1330 1622 1426 1677 ventus
1481 1690 1482 1709 Χ

349 1725 479 1809 pleniter
504 1734 613 1803 exeet3
637 1748 772 1812 cumque
804 1726 885 1789 follis
915 1726 1054 1788 elevatur
1083 1732 1118 1785 ut
1147 1742 1203 1806 per
1232 1715 1426 1782 ventilabrum

348 1849 437 1888 suum
455 1826 566 1889 flatum
583 1839 732 1910 resumat,
743 1829 819 1891 illud
835 1849 967 1912 cupmm
984 1848 1020 1888 os
1035 1825 1103 1910 ejus
1118 1823 1244 1910 penitus
1259 1818 1390 1892 claudat,
1403 1822 1431 1897 el
1481 1828 1482 1831 ’

349 1937 476 1990 venturu
493 1951 587 2015 quem
604 1930 708 1993 emisit
723 1930 823 1995 redire
838 1951 903 1994 non
919 1927 1090 2015 permittat.

621 2446 856 2543 CAPUT
913 2438 1172 2541 LXXXV.

590 2646 593 2652 ¹
663 2664 709 2708 DE
731 2664 904 2708 camanum
926 2658 1136 2705 FUNDENDIS.

425 2807 494 2871 OM
502 2809 758 2874 POSlTURUS
775 2831 965 2896 campanam
976 2808 1111 2895 primum
1128 2805 1249 2868 incides
1260 2804 1320 2869 tibi
1330 2804 1427 2889 lignum

446 2912 564 2975 siccum
585 2914 625 2975 de
650 2935 779 3000 quercu,
802 2913 931 2998 longum
958 2909 1130 2974 secundum
1156 2907 1243 2993 quod
1269 2908 1318 2971 vis
1336 2904 1429 2969 habere

352 3033 553 3097 campanam,
564 3014 607 3077 ita
620 3025 656 3078 ut
666 3038 704 3077 ex
714 3025 846 3102 utraque
859 3022 946 3099 parte
958 3021 1048 3077 extra
1057 3010 1191 3074 formam
1200 3009 1341 3074 emineat
1350 3002 1430 3089 longi

353 3112 463 3175 tudine
478 3114 571 3177 unius
586 3117 692 3200 palmi,
712 3127 745 3180 et
759 3117 913 3203 quadrum
930 3114 964 3177 in
977 3135 1041 3177 una
1057 3112 1238 3176 summitate
1253 3111 1395 3197 grossius,
1407 3104 1430 3165 in

353 3213 447 3277 sliam
460 3216 606 3301 gracilius
622 3228 654 3282 et
668 3220 849 3298 rotundum,
861 3227 897 3282 ut
912 3217 1013 3303 possit
1026 3216 1060 3278 in
1075 3213 1227 3279 foramine
1238 3204 1430 3277 circumvolvi

355 3316 467 3403 Sitque
490 3319 673 3385 deductim⁸
699 3323 841 3408 grossius
867 3332 899 3385 et
923 3319 1074 3407 grossius,
1100 3324 1136 3380 ut
1159 3337 1233 3379 cum
1257 3337 1339 3401 opus
1359 3306 1430 3373 usn

355 3422 528 3505 perlectum
544 3423 636 3488 facile
652 3423 752 3510 possit
766 3424 867 3488 educi.
903 3421 1000 3498 Quod
1015 3420 1137 3506 lignum
1152 3419 1184 3481 iu
1199 3415 1349 3503 grossiori
1363 3418 1431 3500 μήθ
1482 3410 1483 3465 ἶ

355 3544 418 3586 una
434 3526 539 3610 palma
554 3537 626 3591 ente
642 3527 857 3591 summitatem
871 3525 1028 3589 incidatur
1041 3522 1075 3584 in
1090 3521 1232 3599 circuitu,
1246 3529 1284 3583 ut
1298 3519 1354 3581 fiat
1366 3515 1430 3578 sos

356 3625 481 3690 duobus
496 3629 603 3715 digitis
619 3632 693 3706 lats,
713 3630 816 3715 sitque
832 3629 954 3714 lignum
976 3626 1020 3689 ibi
1036 3623 1216 3701 rotundum,
1238 3622 1333 3706 juxta
1354 3633 1429 3704 quam
1482 3654 1483 3715 ᾗ

356 3724 476 3792 fossam
498 3734 664 3796 summitas
686 3733 785 3817 ipsius
806 3731 884 3817 ligni
906 3728 963 3792 fiat
984 3726 1098 3805 tenuis,
1120 3724 1203 3788 utin
1226 3724 1310 3787 aliud
1332 3722 1428 3805 liguum

357 3850 488 3895 curvum
518 3835 611 3921 jungi
645 3836 755 3921 possit,
780 3855 835 3918 per
860 3833 945 3919 quod
971 3829 1133 3894 valentin
1155 3826 1286 3890 modum
1316 3819 1429 3888 runcina

357 3930 565 3999 circumverti.
611 3935 708 3999 Fiunt
727 3936 843 3999 etenim
863 3936 927 3997 duo
947 3944 1068 3996 asseres
1090 3927 1286 4015 longitudine
1301 3936 1333 3989 et
1346 3920 1429 3987 latitu-

358 4030 432 4095 dine
458 4039 594 4122 aequales
617 4039 672 4124 qui
701 4039 885 4103 altrinsecus
916 4035 1150 4120 conjunguntur
1172 4037 1205 4093 et
1233 4028 1429 4093 confirmeris

359 4146 495 4222 quatuor
514 4140 620 4226 lignis,
635 4143 679 4205 ita
697 4150 734 4205 ut
753 4141 817 4204 sint
837 4136 958 4224 ampli⁴
979 4136 1060 4200 inter
1073 4155 1108 4198 se
1128 4131 1301 4196 seeundum
1317 4123 1428 4212 lungite

360 4239 466 4304 dinem
489 4243 629 4328 praedicti
655 4244 751 4329 ligni;
786 4252 823 4306 ut
842 4243 874 4305 in
897 4263 960 4305 uno
983 4259 1087 4304 assere
1103 4237 1161 4299 liat
1177 4235 1318 4298 foramen
1336 4231 1366 4293 iu
1382 4240 1427 4310 ql⁰

459 4404 466 4433 ¹
484 4408 500 4431 α
510 4405 575 4453 nuru
585 4405 687 4465 unm,·’
703 4406 768 4453 use
781 4405 864 4452 coeo.
994 4398 1004 4426 ·
1021 4400 1037 4423 “
1048 4392 1189 4453 sollertius?
1204 4390 1259 4441 iul-

458 4487 469 4515 ⁸
484 4490 501 4514 u
512 4487 669 4535 dedumms’·
997 4479 1006 4506 ⁴
1022 4475 1142 4537 “ampliu''
1159 4476 1185 4522 in
1200 4474 1364 4523 Oodiseim.
