3144 5184
704 527 891 569 'rnssovnlm
917 527 1018 568 LlllEll
1044 530 1065 567 1.

700 792 938 887 CAPUT
998 792 1087 886 Vl

592 1013 637 1053 DE
662 1012 799 1053 VENEDA
824 1013 859 1054 ΙΝ
883 1013 1004 1056 OCULIS
1028 1011 1201 1056 PONENDA

350 1159 585 1308 DEINDE
610 1164 781 1226 commisce
803 1163 927 1247 nigrum
950 1186 1022 1226 cum
1046 1163 1170 1226 modico
1186 1161 1271 1240 albo,
1286 1159 1341 1245 qui
1355 1158 1429 1222 color

468 1272 597 1326 vocatur
618 1264 748 1342 venedo,
773 1271 804 1326 ct
823 1264 919 1349 imple
938 1264 1072 1349 pupillas
1087 1263 1260 1327 oculorum.
1306 1257 1429 1323 Addeei

346 1359 440 1420 etiam
456 1359 496 1421 dc
512 1360 584 1423 albo
601 1360 746 1444 amplius,
770 1371 801 1423 et
827 1361 922 1445 imple
949 1361 1056 1424 oculos
1079 1383 1119 1424 ox
1142 1368 1274 1445 utroque
1298 1364 1432 1443 porleet

347 1460 455 1522 album
471 1462 603 1545 simplex
620 1462 709 1525 linies
731 1461 812 1524 inter
827 1463 978 1548 pupillam
995 1472 1026 1524 et
1041 1463 1145 1547 ipsum
1161 1461 1310 1537 colorem,
1326 1467 1432 1523 etcum

348 1583 432 1646 aqua
448 1563 577 1627 levabis.

674 2005 914 2100 CAPUT
974 2005 1106 2100 VIL

727 2226 773 2269 DE
795 2225 876 2270 Posc
899 2225 1065 2270 SECUNDO.

351 2376 572 2524 POSTEA
593 2378 700 2462 accipe
725 2397 812 2460 pose,
837 2377 964 2461 dequo
987 2374 1226 2459 supradictum
1250 2384 1309 2453 est,
1331 2385 1365 2437 et
1388 2374 1442 2437 ad-

449 2478 546 2539 misce
570 2478 598 2539 ci
626 2477 761 2563 amplius
785 2476 825 2539 de
850 2477 977 2562 prasino
993 2486 1025 2561 et
1039 2475 1146 2554 rubeo,
1161 2475 1206 2537 ita
1220 2483 1256 2537 ut
1270 2475 1384 2537 umbra
1406 2475 1446 2538 sit

350 2576 514 2639 anteiioris
531 2576 654 2652 coloris,
670 2586 702 2638 et
718 2577 813 2662 imple
829 2577 968 2640 medium
984 2578 1120 2662 spatium
1136 2577 1217 2639 inter
1232 2575 1400 2662 supercilia
1416 2585 1446 2638 et

349 2679 469 2753 oculos,
486 2688 518 2739 et
532 2677 592 2739 sub
608 2676 707 2739 oculis
723 2679 872 2758 medium,
887 2688 919 2742 et
938 2680 1033 2764 juxto
1058 2700 1182 2755 nasum,
1206 2689 1238 2741 et
1257 2678 1339 2740 inter
1358 2700 1396 2741 os
1415 2686 1447 2739 et

352 2788 502 2856 mentum,
519 2799 635 2863 granos
650 2799 704 2839 seu
720 2777 869 2843 barbulas
885 2779 1131 2857 adolescentum,
1155 2788 1188 2841 et
1210 2780 1332 2864 palmas
1354 2777 1447 2840 dimi·

350 2879 419 2942 dias
435 2902 543 2943 versus
558 2880 715 2965 pollicem,
726 2888 759 2942 et
770 2881 866 2965 pedes
878 2902 973 2966 supro
981 2880 1119 2943 minores
1128 2879 1287 2960 articulos,
1303 2888 1336 2944 et
1351 2879 1448 2942 facies

351 3003 518 3067 puerorum
534 2993 566 3047 et
581 2982 746 3046 mulierum
761 3005 781 3046 a
795 2993 903 3047 mento
918 3005 1019 3068 usque
1034 2982 1074 3046 ad
1090 2990 1243 3068 tempora.

666 3484 911 3579 CAPUT
970 3485 1135 3580 VIH.

726 3706 773 3748 DE
796 3705 881 3750 ROSA
904 3705 1073 3748 SECUNDA.

442 3854 591 3917 ElNDE
617 3856 714 3918 misce
738 3877 809 3918 cum
835 3877 906 3918 roso
929 3855 1122 3934 cenobrium,
1147 3866 1179 3918 et
1206 3856 1295 3921 linies
1317 3857 1390 3920 inde
1414 3860 1447 3921 io

463 3956 568 4019 medio
587 3956 659 4034 oris,
683 3957 726 4018 ita
749 3965 785 4018 ut
804 3956 942 4019 anterior
963 3955 1106 4041 superius
1122 3957 1312 4043 inferiusque
1328 3969 1449 4043 pareat,

352 4070 384 4124 et
399 4060 449 4122 lac
465 4040 593 4121 subtiles
606 4067 723 4120 tmctus
734 4079 828 4142 super
839 4080 943 4121 rosam
956 4057 988 4120 in
1000 4057 1090 4137 facie,
1107 4060 1139 4120 in
1151 4059 1233 4122 collo
1246 4060 1322 4122 etin
1334 4059 1449 4139 fronte,

351 4173 383 4225 el
409 4159 590 4246 designabis
614 4159 686 4222 inde
711 4159 860 4223 articulos
883 4159 915 4224 in
938 4160 1062 4245 palmis,
1078 4171 1110 4223 et
1125 4163 1290 4246 juncturas
1305 4160 1450 4224 omnium

352 4262 565 4328 membrorum
580 4271 613 4323 ct
628 4261 756 4346 ungula.
