3144 5184
318 508 354 570 12
678 532 866 575 unsorrnm
893 532 993 575 mrum
1018 533 1038 574 1.

312 701 383 740 cum
401 679 486 755 folio,
502 681 565 741 sive
582 703 653 743 cum
670 684 781 745 eodem
804 685 908 747 colore
931 684 1014 746 unde
1037 682 1182 767 implesti,
1206 690 1239 744 ct
1264 680 1408 743 illumina

312 780 545 863 primumcum
562 804 640 866 puro
656 784 740 846 luzur
755 784 897 848 illumina
914 785 1065 870 superius.
1113 782 1193 844 Post
1217 781 1286 844 haec
1310 782 1408 843 misce

312 903 421 964 perum
437 883 500 944 albi
515 905 586 945 cum
604 885 688 947 lazur
703 892 735 947 et
751 885 800 948 lac
816 885 944 948 subtiles
971 895 1004 948 et
1026 907 1113 948 raros
1128 893 1257 946 tructus.
1305 882 1407 967 lmple

313 983 533 1046 vestimentum
549 1007 620 1047 cum
639 985 760 1064 rubeo,¹
774 987 904 1049 rubeum
921 987 1072 1072 pallidum
1084 986 1135 1063 sit,
1151 985 1233 1047 adde
1245 982 1406 1047 modicum

311 1083 402 1168 nigri.
450 1084 529 1148 lude
546 1086 641 1149 misce
657 1087 792 1171 amplius
807 1089 887 1173 nigri
903 1111 975 1151 cum
992 1088 1115 1165 eodem,
1143 1095 1175 1150 et
1199 1085 1249 1149 fuc
1274 1093 1405 1147 tractus.

313 1185 437 1248 Deinde
471 1187 567 1249 misce
606 1188 766 1251 modicum
800 1191 887 1253 rubei
922 1212 994 1252 cum
1023 1189 1172 1252 cenobrio
1203 1196 1235 1249 et
1264 1186 1407 1249 illumina

310 1287 454 1371 primum.
504 1287 584 1350 Post
608 1289 675 1351 haec
702 1289 784 1353 addc
808 1292 969 1354 modicum
993 1291 1080 1353 minii
1103 1312 1176 1353 cum
1194 1280 1360 1365 cenchrin,
1376 1299 1407 1350 et

310 1389 450 1453 illumina
460 1390 611 1475 superius.
659 1390 760 1475 lmple
772 1393 994 1455 vestimentum
1007 1414 1078 1455 eum
1092 1390 1253 1468 cenobrio,
1265 1400 1298 1451 et
1310 1388 1407 1451 misce

310 1513 382 1552 cum
410 1492 521 1554 eodem
550 1493 709 1555 modicum
735 1494 832 1572 rubei,
858 1506 888 1558 et
915 1496 965 1559 fec
988 1505 1119 1558 tractus.
1167 1493 1293 1556 Deinde
1308 1494 1406 1556 misce

310 1591 470 1654 modicum
488 1594 573 1655 minii
590 1616 661 1656 cum
677 1596 836 1674 cenobrio,
848 1608 880 1659 et
895 1596 1035 1659 illumina
1050 1595 1196 1680 primum.
1245 1594 1326 1656 Post
1338 1594 1406 1657 haec

309 1693 450 1755 illumina
470 1717 542 1757 cum
568 1696 700 1780 simplici
718 1698 825 1760 minio.
871 1698 921 1760 Ad
938 1708 1114 1761 extremum
1132 1697 1228 1760 misce
1245 1696 1405 1759 modicum

309 1795 388 1879 nigri
405 1817 477 1857 cum
493 1796 601 1873 rube0‚
626 1807 658 1859 et
684 1796 734 1861 fac
761 1800 947 1862 exteriorem
971 1799 1125 1862 umbram.
1172 1797 1276 1860 Misce
1292 1819 1404 1883 purum

311 1897 407 1960 viride
422 1920 496 1960 cum
511 1921 600 1983 ogre,
616 1901 660 1962 ite
675 1911 711 1963 ut
726 1902 766 1963 de
779 1924 855 1986 ogra
872 1903 942 1986 plus
958 1903 1008 1980 sit,
1021 1910 1053 1964 et
1064 1902 1159 1985 imple
1172 1900 1404 1962 vestimentum.

309 2001 402 2063 Adde
418 2000 520 2064 eidem
536 2002 632 2065 colori
648 2003 808 2066 modicum
824 2004 864 2066 de
886 2026 962 2066 suco
984 2011 1015 2065 et
1041 2023 1153 2087 parum
1178 1999 1276 2075 rubei,
1299 2009 1332 2062 et
1356 2000 1405 2062 fac

308 2112 437 2165 tractus.
484 2103 587 2166 Misce
602 2102 703 2166 eidem
720 2104 818 2167 colori
834 2105 917 2168 uude
932 2106 1068 2189 implesti
1084 2105 1202 2181 album,
1218 2111 1250 2166 et
1264 2103 1405 2166 illumina

308 2206 454 2291 primum.
511 2208 604 2270 Adde
620 2208 690 2292 plus
704 2206 778 2285 albi,
794 2218 827 2270 et
840 2207 983 2270 illumina
998 2206 1144 2270 exterius.
1190 2203 1294 2267 Misce
1309 2204 1404 2268 etiam

308 2332 381 2373 cum
397 2310 547 2394 superiori
562 2310 675 2372 umbre
691 2308 761 2392 plus
781 2308 849 2370 suci
871 2319 903 2371 et
929 2308 1017 2371 mbei
1038 2320 1071 2371 et
1094 2328 1206 2392 pamm
1230 2304 1348 2383 viridis,
1375 2315 1406 2367 et

308 2410 494 2473 exteriorem
520 2411 663 2472 umbram
690 2408 749 2472 fac.
805 2409 908 2473 Misce
923 2432 1051 2473 succum
1068 2409 1132 2472 folii
1148 2429 1221 2472 cum
1237 2428 1359 2485 cenosa,
1375 2417 1406 2469 et

308 2510 403 2595 imple
419 2510 650 2574 vestimentum.
696 2510 789 2573 Adde
815 2510 881 2573 folii
905 2512 985 2596 plus,
1007 2520 1039 2574 et
1063 2510 1112 2574 fac
1136 2518 1265 2572 tractus.
1311 2508 1405 2571 Adde

308 2612 379 2696 plus
394 2633 522 2689 cerosae,
537 2621 569 2674 et
584 2612 734 2673 illumina,
782 2611 862 2675 Post
877 2611 945 2675 haec
960 2634 1032 2676 cum
1049 2611 1182 2695 simplici
1198 2631 1319 2674 cerose.
1353 2610 1404 2672 Ad

309 2720 485 2774 extremum
503 2710 662 2773 modicum
679 2710 744 2773 folii
759 2713 822 2775 triti
838 2722 870 2776 et
886 2714 1045 2777 modicum
1066 2711 1205 2776 cenobrii
1220 2711 1318 2775 misce
1334 2733 1403 2774 cum

309 2812 412 2897 priore
438 2811 560 2889 umbre,
586 2820 619 2875 et
643 2811 693 2874 fec
717 2813 915 2878 exteriorem.
973 2815 1017 2878 Et
1040 2815 1153 2877 eodem
1178 2813 1284 2876 colore
1311 2812 1404 2897 imple

308 2913 392 2977 eliud
408 2913 643 2982 vestimentum.
698 2914 791 2978 Adde
816 2915 918 2979 eidem
942 2915 1026 2978 unde
1050 2913 1199 2999 implesti,
1213 2934 1359 2978 cenosam
1374 2925 1405 2978 et

308 3015 467 3079 modicum
494 3016 643 3096 cenobrii,
668 3026 700 3079 et
725 3016 867 3081 illumina
891 3018 1037 3102 primum.
1083 3016 1176 3085 Adde
1190 3016 1261 3101 plus
1276 3038 1404 3095 cerosae,

308 3129 341 3183 et
363 3118 505 3182 illumina
528 3118 679 3204 superius.
730 3118 782 3181 Ad
809 3127 985 3182 extremum
1010 3120 1107 3182 misce
1130 3117 1292 3181 modicum
1317 3117 1402 3180 rubei

308 3242 380 3285 cum
394 3220 495 3306 priore
504 3221 627 3299 umbra,
639 3230 671 3283 et
682 3220 731 3282 fac
742 3220 940 3284 exteriorem.
973 3220 1024 3284 Ex
1036 3240 1105 3284 unc
1116 3239 1275 3282 urxmms
1286 3239 1402 3283 micres

308 3341 390 3387 unte
419 3342 558 3385 osusnn
585 3341 890 3399 vssmummosun,
916 3342 1016 3385 uuum
1044 3340 1268 3398 concussum,
1294 3341 1401 3384 suum

309 3441 702 3503 v1ommcuu,rsns1uu
719 3441 915 3487 cunnmuu.
971 3422 1075 3485 Misce
1090 3421 1251 3484 modicum
1263 3421 1399 3485 cenobrii

308 3546 381 3587 cum
390 3524 631 3611 auripigmento,
643 3533 676 3587 et
687 3524 782 3608 imple
792 3523 1024 3586 vestimentum.
1070 3522 1164 3586 Adde
1179 3544 1291 3607 porum
1305 3522 1397 3597 rubei,

308 3636 340 3689 et
374 3628 425 3690 foc
450 3636 578 3690 tractus.
639 3624 721 3689 Cum
750 3624 882 3709 simplici
908 3625 1004 3687 rubeo
1029 3623 1174 3686 umbram
1204 3623 1395 3687 exteriorem.

308 3726 402 3791 Adde
425 3749 498 3791 cum
523 3729 706 3813 impletione
721 3726 792 3811 plus
808 3725 1039 3811 auripigmenti,
1054 3735 1087 3788 et
1099 3724 1241 3788 illumina
1256 3725 1395 3809 primum.

309 3823 393 3889 Cum
408 3827 543 3913 simplici
558 3829 791 3914 auripigmento
806 3825 948 3889 illumina
961 3826 1114 3910 superius.

698 4021 704 4049 ¹
723 4024 771 4068 “et
781 4020 823 4067 si.''
855 4022 1011 4083 Messeni.
