3166 5190
330 537 394 600 242
682 557 873 601 rusorum
896 558 998 601 arnan
1019 558 1071 600 111.

328 708 370 772 sit
381 708 518 795 spissum
534 710 617 774 sicut
631 709 701 790 fex3
717 712 802 797 quod
819 732 893 774 cum
908 710 996 796 ligno
1011 710 1098 774 tenui
1113 709 1203 775 linies
1218 709 1302 774 circa
1317 712 1425 773 clavos

329 810 461 874 interius
476 820 508 874 et
522 812 670 893 exterius,
685 822 719 876 et
744 812 981 883 excutiescum
1000 812 1089 876 brevi
1112 812 1195 876 ferro
1216 812 1360 875 limatum
1376 834 1425 875 ar-

330 922 460 997 gentum
490 915 636 1001 desuper,
662 915 771 1001 sicque
799 915 944 979 siccabis.
990 913 1111 977 Iterum
1135 912 1226 976 linies
1255 911 1425 976 mixturam

330 1014 417 1080 illam
432 1017 567 1103 desuper
581 1017 713 1104 spissius
735 1039 831 1104 quam
846 1027 930 1097 ante,
945 1025 978 1081 et
998 1016 1105 1079 mittes
1119 1016 1153 1078 in
1167 1016 1286 1100 ignem,
1300 1014 1426 1077 adhibi·

331 1116 435 1205 tisque
465 1121 665 1201 carbonibus,
697 1122 863 1207 diligenter
889 1120 1061 1206 cooperies,
1084 1119 1256 1206 leniterque
1281 1117 1426 1182 sufflabis

331 1218 429 1306 longo
444 1221 534 1303 flatu,
550 1224 652 1288 donec
666 1224 840 1289 solidatura
862 1223 1005 1310 liquefiat
1027 1222 1219 1287 sufficienter
1229 1246 1239 1303 ;
1261 1221 1427 1285 odncmm-

332 1343 394 1406 que
416 1345 473 1387 vas
494 1326 536 1388 ab
558 1325 632 1411 igne
654 1336 686 1391 et
709 1328 834 1391 modice
856 1327 1074 1413 refrigeratum
1098 1325 1228 1404 lavabis,
1244 1334 1278 1389 et
1301 1326 1329 1389 si
1344 1324 1426 1388 firmi

333 1436 408 1489 sunt
422 1428 503 1492 clavi
519 1429 599 1493 bene
608 1454 617 1510 ς
641 1430 689 1493 sin
705 1438 821 1508 autem,
837 1452 960 1494 rursum
976 1430 1028 1497 fae
1042 1430 1098 1505 eis,
1110 1429 1193 1493 sicut
1206 1427 1303 1514 prius.
1328 1427 1427 1491 Cum·

333 1550 396 1614 que
410 1530 493 1594 firmi
517 1532 640 1611 fuerint,
657 1534 750 1596 elima
765 1555 820 1596 eos
835 1533 964 1597 interius
979 1541 1012 1596 et
1027 1531 1102 1595 rade
1119 1531 1292 1617 equaliter,
1307 1538 1345 1592 ut
1359 1529 1428 1592 nul·

333 1630 382 1693 lus
398 1634 597 1697 considerare
611 1643 708 1720 queat
729 1636 762 1698 in
785 1658 849 1722 quo
869 1637 941 1699 loco
957 1634 1112 1713 steterint,
1127 1633 1356 1718 appositasque
1370 1653 1427 1695 ex·
1553 1694 1554 1711 ,

333 1733 430 1797 terius
444 1736 600 1801 auriculas
616 1760 739 1822 rursum
762 1738 929 1823 diligenter
949 1736 1100 1823 adjunge.
1145 1734 1272 1800 Deinde
1297 1735 1351 1799 fac
1373 1756 1429 1820 per

333 1837 473 1901 medium
495 1839 705 1903 auricularum
731 1849 842 1905 contra
866 1840 973 1904 clavos
997 1838 1124 1902 subtilia
1147 1837 1314 1916 foramina,
1342 1846 1376 1901 et
1397 1836 1429 1898 in
1553 1852 1554 1867 ³

334 1937 447 2001 eodem
462 1941 534 2004 loco
550 1942 632 2005 ultra
646 1943 755 2006 clavos
770 1942 924 2022 similiter,
940 1942 973 2005 in
987 1941 1103 2028 quibus
1112 1964 1168 2006 eos
1182 1941 1326 2026 configas
1341 1939 1428 2004 omni
1553 1930 1554 1961 ³

334 2061 428 2125 opere
443 2054 675 2122 consummato,
691 2044 736 2108 sic
758 2054 794 2108 ut
808 2066 903 2109 nemo
919 2043 1071 2130 percipiat
1085 2044 1220 2129 qualiter
1233 2041 1429 2105 adhereant.

335 2141 417 2207 Post
430 2144 500 2210 hoec
514 2146 622 2231 sculpe
637 2154 670 2209 et
684 2146 758 2211 fode
780 2147 867 2232 ipsas
881 2147 1038 2211 auriculas
1053 2145 1196 2211 studiose
1211 2166 1284 2209 cum
1300 2144 1385 2206 limis
1400 2151 1431 2205 et

335 2246 541 2329 ferramentis,
564 2249 641 2314 etsi
663 2247 740 2335 quid
764 2249 899 2313 volueris
924 2250 957 2312 in
984 2249 1029 2313 eis
1051 2248 1226 2333 denigrare,
1249 2246 1310 2310 hoc
1332 2245 1430 2309 modo

334 2347 440 2415 facies.

624 2773 855 2873 CAPUT
906 2773 1133 2871 XXXII.

604 2994 689 3040 ITEM
712 2994 758 3038 DE
779 2995 985 3040 morienna
1008 2996 1166 3040 manum.

409 3144 482 3210 UM
509 3144 672 3209 miscureis
697 3144 749 3209 et¹
771 3143 891 3209 fuderis
912 3146 1073 3232 nigellum,
1094 3154 1216 3232 partem
1236 3168 1334 3211 unam
1358 3148 1432 3211 inde

432 3249 526 3312 tolles
546 3255 579 3311 et
600 3246 756 3334 percuties
779 3247 1042 3334 quadrangulam,
1068 3248 1198 3333 longam
1221 3258 1254 3313 et
1269 3251 1431 3336 gracilem.

340 3350 467 3416 Deinde
481 3348 591 3435 accipe
605 3348 777 3412 auriculam
792 3370 864 3412 cum
879 3347 1009 3434 forcipe,
1018 3358 1051 3413 et
1060 3348 1179 3414 calefac
1190 3351 1223 3413 in
1240 3350 1314 3436 igne
1328 3352 1431 3415 donec

338 3453 495 3532 rubescat,
510 3460 629 3516 etcum
643 3450 743 3514 altero
764 3449 885 3536 forcipe
903 3451 1000 3537 longo
1013 3461 1046 3515 et
1060 3452 1170 3537 gracili
1191 3460 1264 3517 tene
1279 3454 1431 3540 nigellum

338 3567 372 3622 et
385 3557 463 3621 frica
478 3576 572 3642 super
586 3553 694 3618 omnia
707 3554 788 3634 loca,
803 3577 875 3641 quae
890 3554 1056 3641 denigrare
1070 3555 1217 3635 volueris,
1232 3556 1336 3621 donec
1350 3566 1432 3620 trac·
1553 3608 1554 3657 l

337 3670 390 3725 tus
405 3680 517 3723 omnes
539 3655 624 3744 pleni
637 3655 719 3737 sint;
742 3657 946 3743 ablatumque
970 3656 1012 3721 ab
1033 3657 1108 3744 igne
1131 3679 1206 3722 cum
1227 3658 1304 3722 lima
1318 3658 1432 3745 aequali

338 3761 505 3845 diligenter
518 3762 627 3846 plana,
640 3760 743 3824 donec
758 3768 926 3846 argentum
948 3758 994 3823 sic
1016 3767 1178 3846 appareat,
1193 3760 1296 3824 utrix
1312 3769 1432 3824 tractus

337 3862 538 3926 considerare
553 3862 666 3947 possis,
682 3870 715 3925 et
735 3859 782 3926 sic
803 3883 876 3924 cum
898 3860 1017 3926 rasorio
1040 3861 1122 3926 ferro
1136 3861 1222 3941 lima,
1244 3883 1342 3947 rugas
1362 3862 1433 3925 dili·
1553 3858 1554 3929 ἶ

338 3971 450 4049 genter
463 3963 568 4044 erade,
583 3973 616 4029 et
629 3965 716 4051 quod
730 3964 885 4051 reliquum
900 3974 949 4028 est
962 3963 1140 4028 deaurabis.
1186 3963 1282 4040 Quod
1297 3965 1432 4029 deaura-
1553 3946 1554 4005 l

338 4075 406 4131 tum
420 4067 483 4132 hoe
498 4066 595 4132 modo
607 4088 789 4153 compones.
1553 4060 1554 4069 ¹

648 4227 656 4258 ¹
674 4226 760 4278 vidore
771 4230 787 4255 “
794 4226 898 4278 foderir”
908 4229 937 4277 ia
946 4229 988 4278 loc
997 4230 1121 4278 Manno.
