3018 5170
313 507 377 569 256
660 525 851 568 rnnornrnr
876 525 977 566 tinen
1001 526 1052 569 ιη.

314 678 461 761 poliendo
486 687 683 763 acceperant,
708 677 927 763 extinctosque
942 677 973 738 in
989 698 1073 763 aqua
1096 698 1218 739 rursum
1243 675 1420 759 diligenter

313 779 485 863 sculpendo
510 781 618 865 polies,
639 780 740 842 donec
765 778 914 841 eximium
939 778 1094 862 fulgorem
1117 777 1288 862 accipiant,
1305 777 1419 861 sicque

314 881 469 944 colorabis
485 903 549 960 eas,
566 882 619 944 tali
637 880 845 943 confectione.

659 1376 894 1470 CAPUT
956 1377 1058 1471 XL.

663 1595 707 1636 DE
730 1595 934 1638 cononANDo
957 1596 1059 1639 AURO.

377 1746 481 1809 UME
504 1753 740 1822 attramenturn,
751 1744 839 1808 mitte
854 1744 887 1806 in
907 1752 1021 1807 testam
1038 1746 1107 1809 ollae
1123 1747 1274 1810 mundam
1290 1757 1325 1811 et
1340 1748 1413 1832 igne

397 1850 574 1934 probatam,
589 1870 711 1932 ponens
727 1868 821 1931 super
836 1847 998 1924 carbones,
1011 1851 1112 1911 donec
1125 1850 1254 1913 omnino
1269 1851 1414 1937 liquefiat

316 1966 348 2018 et
361 1953 550 2016 indurescat.
598 1950 724 2013 Deinde
746 1948 835 2012 auser
853 1970 872 2011 a
891 1958 974 2012 testa
996 1960 1028 2011 et
1049 1951 1137 2014 mitte
1160 1953 1218 2016 sub
1240 1953 1330 2039 ipsos
1345 1973 1413 2015 car·

316 2057 425 2133 bones,
442 2063 536 2140 atque
552 2052 679 2137 cooperi
691 2051 868 2135 diligenter,
881 2061 996 2113 etcum
1007 2050 1080 2116 folle
1092 2053 1194 2133 suffla,
1208 2054 1312 2119 donec
1324 2076 1413 2117 conr-

317 2159 447 2222 buratur
468 2167 500 2219 et
522 2156 554 2217 in
577 2154 708 2217 rubeum
729 2154 867 2216 colorem
882 2162 1093 2216 convertatur.
1139 2154 1251 2219 Statim
1267 2157 1410 2221 ablatum

317 2261 358 2324 ab
373 2262 447 2346 igne
469 2280 541 2322 eum
565 2256 782 2341 refrigeratum
806 2255 908 2333 fuerit,
931 2264 997 2319 tere
1019 2256 1050 2318 in
1075 2258 1203 2321 scutella
1218 2259 1325 2344 lignea
1339 2278 1409 2322 cum

318 2364 417 2427 ferreo
433 2361 559 2439 malleo,
581 2358 703 2421 addens
725 2358 754 2421 ei
775 2359 901 2421 tertiam
925 2368 1045 2443 partem
1068 2360 1152 2439 salis,
1171 2370 1409 2447 temperansque

317 2487 389 2528 cum
405 2464 478 2527 vino
500 2462 566 2525 sive
588 2461 688 2536 urina,
711 2482 835 2522 rursum
854 2460 976 2524 fortiter
996 2470 1071 2538 tere,
1086 2461 1189 2526 donec
1204 2464 1341 2547 spissum
1358 2465 1409 2525 fiet

318 2553 399 2630 sicut
414 2567 476 2629 fex.
523 2564 575 2627 Ex
591 2562 651 2626 hac
666 2562 864 2626 confectione
886 2582 958 2625 cum
975 2584 1081 2648 penna
1103 2566 1228 2650 cooperi
1253 2567 1340 2654 qnod
1356 2567 1408 2628 de-

317 2678 462 2732 auratum
484 2676 542 2745 est,
565 2667 609 2730 sic
632 2675 667 2729 ut
690 2665 767 2728 nihil
791 2664 859 2727 auri
883 2674 1044 2750 apparent,
1070 2676 1102 2730 et
1124 2689 1207 2751 pone
1229 2692 1323 2754 snper
1344 2690 1407 2733 car·

318 2772 428 2845 honen,
451 2769 554 2832 donec
577 2769 762 2845 exsiccetur,
778 2777 810 2831 et
833 2766 938 2829 fumus
962 2790 1002 2830 ex
1028 2770 1115 2831 omni
1139 2779 1226 2853 parte
1250 2772 1407 2835 modicum

317 2872 478 2958 procedat,
501 2881 533 2933 et
557 2892 632 2933 rnox
654 2870 798 2932 auferens
824 2869 866 2932 ab
892 2870 965 2955 igne
988 2870 1077 2933 mitte
1098 2872 1130 2933 in
1153 2894 1279 2958 aquam,
1302 2872 1407 2937 laians
1507 2906 1508 2909 =

318 2972 484 3057 diligenter
499 2993 571 3035 cum
593 2971 669 3032 setis
692 2971 828 3047 mundis,
852 2992 1038 3056 rursumque
1058 2974 1221 3037 exsiccans
1236 2998 1329 3060 super
1344 2995 1408 3038 car-
1507 3008 1508 3047 1

319 3074 427 3150 bones,
443 3074 567 3136 involve
581 3093 688 3157 panno
704 3073 825 3135 mundo
839 3073 942 3137 donec
958 3075 1163 3160 refrigeretur.

653 3771 699 3812 DE
722 3768 897 3813 POLIENDO
921 3770 1079 3813 NIGELLO.

396 3883 549 3946 ENENS
561 3905 635 3947 vero
652 3883 726 3946 illud
743 3883 773 3945 in
790 3884 901 3946 eodem
917 3904 1036 3967 panno,
1047 3883 1122 3945 rade
1131 3864 1300 3969 diligenter
1309 3882 1406 3947 ornnia

416 3989 495 4065 loca,
511 4010 581 4074 qnae
597 3987 714 4073 nigello
728 3986 895 4071 denigrata
910 3997 993 4064 sunt,
1008 4008 1080 4049 cum
1097 3986 1179 4049 ferro
1194 3987 1321 4050 rasorio.

365 4091 446 4153 Post
461 4089 529 4153 haec
545 4089 664 4152 habeas
680 4087 867 4173 (¹lapidem)
891 4088 1012 4173 nigrum
1030 4097 1062 4151 et
1082 4089 1220 4167 mollem,
1236 4092 1290 4176 qui
1308 4090 1406 4152 leviter

321 4193 421 4280 possit
449 4191 544 4255 incidi
570 4200 602 4253 et
627 4212 708 4276 pene
734 4212 807 4253 cnm
832 4211 938 4275 ungue
953 4190 1032 4269 radi,
1056 4201 1089 4253 et
1113 4213 1185 4253 cnm
1206 4192 1259 4255 illo
1289 4189 1406 4254 fricabis

353 4347 361 4375 ¹
379 4350 395 4373 “
406 4344 528 4407 lapidem?
544 4359 593 4392 non
605 4351 706 4407 apparet
723 4343 751 4388 in
766 4342 841 4389 codice
852 4342 959 4396 Πανίου
976 4343 1016 4389 loc
1031 4350 1170 4404 cecropem
1180 4361 1207 4392 cx
1223 4346 1281 4393 Cod.
1294 4343 1407 4405 euplo

318 4432 410 4491 bytom.
