3166 5190
279 523 338 590 154
647 543 836 586 rsaoeunn
864 543 966 586 arnna
990 544 1027 587 rr.

276 696 356 771 Quae
372 717 444 759 cnm
461 695 597 779 pinxeris
611 717 705 779 opera
721 694 833 773 fabrili,
845 695 978 780 dispone
993 695 1063 758 loca
1077 695 1108 756 in
1122 693 1237 779 quibus
1251 694 1373 779 lapides

275 819 390 883 ponere
402 798 546 875 volucria,
562 797 761 883 acceptisque
778 797 937 881 particulis
953 797 1069 881 saphiri
1084 798 1171 875 clari,
1184 799 1286 861 sorma
1299 798 1374 859 inde

274 900 424 962 incinctos
439 900 614 963 secundum
630 898 838 986 quantitatem
860 900 1000 963 locorum
1022 921 1162 978 suorum,
1178 910 1210 964 et
1228 923 1267 964 ex
1283 898 1373 962 viridi

275 1002 355 1065 vitro
378 1001 575 1087 smaragdos,
598 1012 630 1065 et
653 1002 698 1065 sic
723 1024 782 1084 age
807 1012 843 1066 ut
867 1003 949 1066 inter
971 1003 1051 1065 duos
1074 1003 1227 1067 iacinctos
1250 1024 1375 1087 semper

275 1106 461 1189 smaragdus
478 1115 548 1167 stet.
595 1103 720 1178 Quibus
735 1104 901 1189 diligenter
915 1105 948 1171 in
968 1104 1032 1167 suis
1054 1105 1130 1168 locis
1148 1104 1328 1189 conjunctis
1342 1113 1374 1165 et

275 1208 430 1285 stabilitis,
447 1208 579 1270 densum
595 1207 732 1269 colorem
750 1206 838 1269 trahe
854 1206 937 1270 circa
952 1229 1006 1270 eos
1024 1228 1096 1270 cum
1118 1206 1264 1292 pincello,
1279 1206 1324 1268 ita
1339 1215 1375 1267 ut

276 1309 357 1371 inter
381 1309 444 1371 duo
470 1309 549 1371 vitra
575 1307 651 1370 nihil
676 1307 765 1385 fluat,
789 1309 897 1394 sicque
923 1332 996 1372 cum
1020 1310 1147 1395 reliquis
1174 1308 1316 1394 partibus
1342 1309 1376 1370 in

277 1411 369 1471 furno
386 1434 484 1496 coque
499 1421 531 1474 et
546 1409 751 1473 adhaerebunt
765 1411 823 1474 sibi
840 1410 884 1474 ita
898 1420 933 1474 ut
948 1434 1111 1497 nunquam
1127 1410 1252 1475 cadant.

590 2019 822 2115 CAPUT
867 2018 1058 2115 XXIX

579 2254 623 2296 DE
646 2253 865 2297 amrmemus
889 2254 1078 2297 renuamus.

280 2415 355 2568 Sl
380 2439 452 2480 vero
475 2417 608 2480 volueris
629 2417 787 2503 simplices
809 2418 960 2480 fenestras
978 2438 1178 2502 componere,
1196 2439 1376 2481 mensuram

362 2519 566 2605 longitudinis
589 2529 621 2583 et
643 2519 817 2584 latitudinis
841 2519 976 2605 primum
1001 2520 1050 2583 fac
1075 2520 1107 2582 in
1130 2520 1235 2605 lignea
1258 2520 1376 2597 tabula,

279 2620 394 2684 deinde
418 2622 564 2706 pertrahe
589 2622 691 2685 nodos
713 2623 763 2685 vel
787 2621 872 2686 aliud
894 2622 980 2708 quod
1003 2621 1136 2700 libuerit,
1158 2621 1377 2707 distinctisque

279 2722 436 2786 coloribus
471 2724 710 2809 componendis,
745 2724 831 2788 finde
866 2725 980 2787 vitrum
1014 2723 1109 2809 grosei
1142 2732 1174 2787 et
1207 2723 1377 2808 conjunge,

280 2823 493 2911 adhibitisque
523 2825 619 2889 clavis
651 2827 776 2890 include
809 2826 950 2912 plumbo,
980 2835 1012 2890 et
1041 2826 1142 2889 solida
1174 2847 1214 2889 ex
1243 2834 1378 2911 utraque

281 2936 379 3013 parte,
396 2928 599 3014 circumpone
617 2929 704 3015 ligna
722 2929 820 2993 clavis
837 2929 961 2992 firmata
976 2938 1008 2992 et
1022 2929 1147 3014 confige
1163 2928 1216 2992 ubi
1231 2928 1377 2991 volueris.

603 3542 828 3640 CAPUT
884 3543 1041 3637 XXX.

388 3780 557 3829 QUOMODO
580 3779 809 3824 REFORMBTUR
831 3778 895 3821 VAS
918 3777 1073 3821 Vl'l'REUM
1098 3774 1268 3819 FRACTUH.

283 3941 359 4095 SI
376 3942 457 4005 sorte
472 3963 528 4007 vas
544 3944 678 4007 vitreum
696 3945 922 4029 cujuscumque
943 3941 1067 4028 generis
1087 3939 1173 4005 cadit
1192 3948 1249 4003 aut
1266 3961 1380 4025 percu·

363 4044 449 4124 titur,
473 4045 518 4109 ita
541 4056 577 4110 nt
597 4046 760 4133 frangatur
775 4048 824 4111 vel
844 4046 991 4125 findatur,
1011 4045 1072 4109 hoc
1092 4044 1189 4108 modo
1209 4052 1379 4129 reparetur.

281 4147 371 4212 Tolle
390 4147 512 4211 cineres
532 4159 564 4212 et
583 4149 684 4213 cribra
704 4172 759 4213 eos
779 4149 944 4236 diligenter
964 4168 1129 4213 macerans
1149 4168 1222 4213 cum
1237 4168 1331 4232 aqua,
1346 4157 1381 4210 et

281 4250 355 4315 inde
369 4250 532 4336 impleras
544 4253 678 4316 fractum
691 4261 723 4315 et
738 4273 821 4338 pone
837 4252 877 4315 ad
893 4251 992 4315 solem
1004 4260 1039 4313 ut
1051 4249 1194 4315 siccetur.
1231 4246 1380 4333 Cumque

283 4352 412 4418 omnino
436 4354 556 4418 cineres
582 4354 656 4417 sicci
685 4353 808 4433 suerint,
832 4353 971 4439 adjunge
996 4352 1061 4415 vasi
1088 4358 1210 4435 partem
1234 4349 1380 4429 fractam,

282 4479 398 4522 cavens
419 4480 460 4522 ne
480 4458 512 4523 in
530 4458 680 4543 junctura
701 4456 841 4520 cinerum
856 4456 904 4518 vel
925 4456 1037 4539 aliquae
1057 4454 1166 4517 sordes
1185 4461 1381 4531 remaneant,
