3166 5190
298 521 358 583 150
633 539 824 583 ranorum
850 539 953 582 urana
977 539 1013 582 rr.

294 690 430 753 exterius
445 690 624 753 rotundum.
673 690 797 753 Deinde
821 690 980 753 ordinabis
999 690 1063 752 duo
1078 688 1171 773 signa
1186 687 1317 773 parvula
1331 711 1388 751 ex·

294 791 388 852 terius
403 793 435 853 in
452 802 583 877 utraque
603 791 764 877 utriusque
784 791 862 876 ligni
881 792 993 873 fronte,
1009 790 1182 855 secundam
1197 789 1283 876 quod
1300 791 1391 853 rolu-

294 893 353 953 cris
369 894 525 955 calamum
542 894 640 956 latam
658 916 727 956 esse
746 894 779 955 in
798 894 913 972 media,
929 893 1151 979 accipiensque
1166 893 1256 955 filum
1270 892 1389 955 lineum

293 1004 443 1057 retortum
460 1006 492 1057 et
507 997 632 1081 gracile,
655 996 800 1059 madefac
823 996 898 1060 illud
915 997 948 1059 in
964 996 1061 1060 rubeo
1076 997 1192 1075 colore,
1208 994 1389 1081 disjunctis·

294 1117 354 1180 que
371 1096 473 1181 lignis,
489 1119 582 1182 super
597 1120 693 1161 anam
708 1107 829 1183 partem
849 1098 979 1162 interius
994 1119 1119 1184 appone
1134 1099 1237 1183 ipsum
1253 1099 1353 1175 filum,
1370 1120 1389 1161 a

293 1196 385 1281 signo
403 1200 489 1283 quod
506 1200 642 1262 incidisti
659 1201 811 1286 superine,
826 1223 927 1287 usque
942 1202 981 1265 ad
998 1201 1124 1285 signum
1140 1201 1278 1279 inferius,
1293 1203 1339 1265 ita
1354 1212 1390 1266 ut

294 1299 423 1363 tirmiter
443 1302 641 1381 extendatur,
664 1317 696 1365 et
715 1303 892 1389 adjungens
913 1304 957 1366 illi
977 1303 1110 1366 alterum
1131 1303 1252 1389 lignum
1268 1304 1389 1368 fortiter

293 1404 475 1488 comprime,
498 1405 541 1467 ita
563 1414 598 1467 ut
620 1427 692 1468 cum
715 1405 906 1490 separaveris
927 1405 1014 1468 color
1033 1405 1065 1467 in
1086 1405 1224 1490 utrisque
1245 1405 1388 1489 partibas

293 1516 453 1588 appareat.
499 1506 710 1593 Ejectumque
743 1508 831 1570 filum
861 1517 893 1571 et
928 1529 1051 1570 rursum
1084 1506 1189 1569 calore
1222 1506 1387 1571 madidum

293 1607 387 1691 affige
402 1608 435 1670 in
451 1609 582 1671 alterum
601 1610 738 1694 signum,
754 1610 929 1695 iterumque
950 1630 1043 1693 super
1063 1629 1146 1692 pone
1164 1606 1250 1670 aliud
1265 1608 1386 1693 lignum

291 1718 323 1769 et
338 1709 520 1794 comprime.
567 1710 713 1797 Cumque
733 1711 766 1774 in
781 1711 922 1796 utrisque
939 1710 1081 1795 partibus
1096 1711 1183 1774 color
1197 1710 1387 1794 appamerit,

292 1808 394 1873 incide
415 1813 541 1875 cultello
561 1814 729 1890 calamum,
750 1834 846 1899 quam
866 1814 965 1875 latum
985 1822 1018 1875 et
1034 1811 1226 1897 profundum
1241 1812 1387 1889 volueris,

291 1911 335 1974 sic
351 1923 457 1976 tamen
472 1922 508 1976 ut
523 1914 658 1978 incisura
672 1917 769 1979 linem
790 1937 854 1978 non
870 1924 1075 1999 pertranseat,
1092 1915 1147 1978 sed
1163 1914 1316 1999 superius,
1332 1915 1387 1978 ubi

290 2012 412 2077 infundi
434 2017 539 2096 debet,
563 2018 703 2080 foramen
731 2017 856 2081 habeat.
904 2016 978 2091 Quo
1002 2016 1086 2079 facta
1109 2016 1195 2102 ligna
1217 2017 1386 2102 conjunge,

290 2116 392 2202 ligans
413 2142 485 2183 cum
506 2120 639 2205 corrigia
656 2140 815 2182 asumma
836 2140 936 2204 usque
956 2118 1115 2197 deorsam,
1134 2126 1167 2180 et
1185 2126 1297 2181 tenens
1313 2142 1386 2183 cum

291 2218 377 2303 ligno
403 2223 533 2286 infande
564 2222 739 2308 plumbum,
769 2222 935 2305 solataque
963 2220 1099 2304 corrigia
1125 2220 1191 2283 eice
1217 2220 1386 2285 calamum.

292 2322 494 2410 Rursamque
519 2325 623 2410 ligans
646 2333 678 2387 et
700 2323 880 2411 infundens,
902 2322 963 2387 boc
986 2332 1054 2385 tam
1076 2322 1130 2385 diu
1153 2321 1260 2401 facies,
1283 2321 1388 2389 donec

290 2437 399 2489 ustura
429 2450 528 2514 usqae
557 2427 598 2490 ad
630 2427 726 2490 finem
756 2426 899 2489 incisurae
928 2424 1109 2510 perveniat;
1139 2422 1247 2508 sicque
1276 2433 1389 2508 postea

289 2528 407 2606 leviter,
423 2530 548 2615 quoties
564 2538 595 2591 et
614 2538 769 2615 quantum
783 2526 919 2590 volueris
934 2526 1097 2590 infundere
1113 2524 1240 2610 poteris.
1285 2523 1388 2589 Cum·

289 2653 351 2715 que
374 2631 430 2693 tibi
452 2631 595 2694 sufficere
615 2631 755 2693 calamos
770 2628 895 2708 videris,
920 2628 1024 2692 incide
1046 2628 1165 2713 lignum
1189 2626 1316 2691 duobus
1339 2626 1387 2690 di·

290 2732 363 2817 gitis
377 2734 476 2795 latam
491 2745 523 2795 et
538 2742 603 2795 tam
619 2733 755 2817 spissum
771 2732 853 2794 sicat
867 2732 1007 2794 calamus
1022 2740 1071 2793 est
1084 2728 1224 2807 interius,
1239 2728 1387 2794 dividens

290 2835 364 2898 illud
385 2836 416 2898 in
437 2834 541 2898 medio
561 2833 617 2912 ita,
637 2835 725 2897 utin
747 2856 811 2897 ana
832 2833 936 2897 fronte
956 2833 1113 2918 integrum
1133 2831 1174 2893 sit
1192 2841 1225 2894 et
1239 2831 1272 2894 in
1287 2832 1387 2895 altera

291 2937 421 3002 incisum
437 2938 491 3001 nbi
507 2937 646 3001 calamus
666 2935 826 2999 inferatur.
874 2934 979 3009 Quem
994 2934 1177 3019 impositum
1193 2934 1296 2998 incide
1312 2957 1385 2999 cum

289 3042 414 3104 cultello
430 3064 469 3105 ex
485 3050 617 3125 atraque
633 3048 731 3124 parte,
747 3048 779 3100 et
794 3039 888 3122 plana
903 3046 934 3100 et
949 3035 1025 3100 rade
1040 3036 1120 3100 sicut
1135 3037 1297 3122 placuerit.

567 3658 808 3755 CAPUT
867 3656 1100 3752 XXVII.

386 3882 431 3923 DE
453 3880 709 3925 consonandum
733 3882 775 3924 m·
797 3878 1071 3925 consomnartms
1094 3877 1288 3921 rannerius.

291 4030 420 4186 HIS
443 4033 487 4096 ita
513 4034 695 4118 compositis
719 4034 826 4119 accipe
849 4041 997 4115 stagnum
1023 4051 1136 4115 pamm
1159 4038 1191 4091 et
1213 4030 1385 4092 commisce

415 4134 443 4196 ei
471 4134 613 4222 quintam
640 4144 762 4223 partem
791 4134 921 4220 plumbi,
951 4142 984 4197 et
1012 4131 1109 4196 funde
1139 4130 1171 4192 in
1201 4130 1384 4214 supradicto

287 4241 369 4304 ferro
384 4238 450 4302 sive
468 4238 555 4324 ligno
573 4248 653 4325 quot
672 4241 811 4303 calamos
826 4238 960 4302 volueris
975 4257 1049 4300 cum
1068 4233 1183 4321 quibus
1198 4255 1280 4318 opus
1293 4242 1383 4296 tuam

287 4342 447 4408 solidabis.
497 4340 628 4405 Habeas
657 4363 783 4428 quoque
813 4341 920 4404 clavos
950 4335 1161 4425 quadraginta
1187 4335 1384 4419 longitudine

287 4448 379 4511 unius
403 4446 502 4531 digiti,
529 4445 583 4529 qui
610 4444 672 4507 sint
697 4446 729 4507 in
756 4466 820 4506 ano
845 4441 947 4528 capite
974 4439 1106 4525 graciles
1133 4446 1165 4501 et
1188 4436 1327 4516 rotundi,
1350 4436 1382 4499 in
