3018 5170
310 496 372 557 308
664 512 857 555 rnaornrni
881 512 983 556 urana
1007 513 1059 556 ιιι.

309 666 395 750 ligno
419 665 450 727 in
469 665 577 750 spatiis
600 665 680 727 inter
702 664 800 727 ferros
823 664 979 729 foramina
1000 666 1079 727 fiant
1093 686 1149 750 per
1163 665 1272 728 omnia
1286 674 1402 751 quanto

309 767 431 853 possint
446 766 617 851 ampliora;
641 775 673 829 ct
689 766 734 829 sic
749 766 914 852 diligenter
929 767 1073 829 siccetur.

356 868 484 932 Deinde
499 869 540 931 ab
555 869 642 954 ipso¹
659 890 783 931 sursum
800 870 857 931 liat
872 890 980 931 munis
1002 890 1075 932 cum
1095 869 1225 933 minutis
1238 870 1403 955 lapidibus,

311 980 343 1035 et
357 972 469 1035 eadem
484 971 597 1055 argilla
618 971 650 1032 in
672 970 803 1033 modum
821 971 902 1048 ollae,
922 970 969 1033 ita
990 980 1025 1033 ut
1040 992 1059 1033 a
1074 972 1245 1037 medietate
1264 973 1403 1057 superius

310 1075 538 1160 aliquantulum
564 1073 699 1137 strictior
726 1073 775 1152 sit,
802 1082 835 1136 et
863 1074 920 1136 fiat
948 1073 1040 1135 altior
1068 1095 1165 1160 quam
1195 1074 1332 1137 latitudo
1356 1072 1402 1150 sit,

311 1187 407 1262 atque
429 1200 502 1240 cum
524 1176 725 1261 ligaminibus
748 1174 855 1238 ferreis
876 1174 1016 1261 quinque
1037 1185 1094 1239 aut
1114 1185 1253 1262 quatuor
1275 1178 1403 1241 circum-

311 1280 435 1363 ligetur,
457 1289 489 1341 et
514 1279 625 1341 cadem
648 1278 758 1364 argilla
772 1277 903 1341 interius
920 1287 954 1340 et
974 1278 1112 1342 exterius
1130 1279 1301 1366 diligenter
1317 1279 1402 1342 illini·

312 1389 391 1443 atur.
436 1381 512 1455 Quo
527 1382 611 1445 facto
627 1382 828 1467 imponantur
843 1379 997 1443 carbones
1012 1380 1159 1445 ardentes
1173 1382 1341 1445 commixti
1354 1403 1403 1444 ex·

311 1483 427 1560 tinctis,
450 1492 481 1545 et
502 1505 577 1546 mox
593 1494 705 1547 ventus
728 1505 784 1568 per
803 1482 952 1546 inferiora
973 1482 1126 1546 foramina
1147 1484 1331 1570 ingrediens
1351 1483 1402 1548 ab

311 1606 389 1669 sque
404 1584 482 1648 llatu
498 1585 579 1649 follis
597 1586 704 1649 educit
718 1585 875 1664 flammas,
894 1596 927 1647 et
942 1584 1091 1671 quicquid
1112 1587 1232 1649 metalli
1250 1587 1402 1671 inponitur

310 1687 417 1750 statim
440 1710 551 1772 perse
574 1688 730 1774 liquescit.
775 1686 946 1751 Posthac
968 1688 1031 1751 hoc
1055 1688 1153 1752 modo
1175 1697 1402 1774 componantur

314 1791 441 1852 vascula
464 1790 535 1853 lruic
559 1791 645 1875 operi
666 1790 854 1853 necessaria.

621 2363 862 2461 CAPUT
923 2365 1079 2461 LXV.

601 2601 647 2643 Du
669 2600 924 2646 coneost‘rtonn
944 2601 1118 2646 VASORUM.

421 2765 505 2829 LLE
530 2765 689 2851 fragmina
711 2776 852 2843 veterum
875 2788 1032 2845 vasorum,
1059 2766 1092 2829 in
1116 2766 1233 2854 quibus
1256 2776 1331 2832 ante
1350 2788 1397 2830 ca·

417 2892 508 2956 prum
531 2870 597 2933 sive
619 2870 809 2934 auricalcum
836 2870 942 2934 fusum
965 2870 1078 2949 fuerat,
1100 2877 1133 2934 et
1154 2892 1248 2956 super
1271 2870 1398 2955 lapidem
1492 2920 1493 2933 .

311 2972 492 3035 minutatim
519 2972 691 3057 confringe.
739 2971 866 3036 Deinde
890 2973 998 3059 accipe
1019 2981 1148 3051 terram,
1172 2994 1212 3036 ex
1238 2973 1398 3059 quatiunt

313 3073 393 3149 ollae,
417 3073 509 3157 cujus
533 3092 650 3157 genera
675 3084 749 3145 sunt
775 3075 858 3153 duo;
884 3097 983 3139 unum
1009 3075 1127 3154 album,
1150 3075 1235 3138 aliud
1258 3075 1396 3160 grisium

312 3196 352 3238 ex
378 3173 494 3260 quibus
522 3174 632 3238 album
654 3175 740 3239 valet
769 3177 810 3241 ad
840 3176 1047 3241 colorandum
1073 3198 1195 3256 aurum,
1223 3177 1311 3241 aliud
1333 3195 1397 3239 vero

312 3277 353 3340 ad
375 3276 445 3340 haec
466 3297 543 3341 vasa
564 3278 805 3363 componenda3
831 3288 958 3343 etcum
982 3279 1193 3344 minutissime
1214 3276 1397 3353 connivens,

312 3380 397 3445 hanc
423 3380 553 3444 crudam
582 3388 698 3444 terram
727 3380 761 3443 in
790 3401 937 3445 mensura
963 3380 1150 3446 commisces
1175 3381 1276 3462 alteri,
1302 3382 1397 3445 idest

311 3482 498 3562 combustas,
521 3504 618 3569 quam
644 3483 782 3568 primum
804 3482 947 3562 triveras,
969 3481 1032 3547 hoc
1057 3483 1165 3548 modo.
1209 3482 1396 3569 Acciperet

312 3586 525 3672 quodcunque
540 3594 574 3649 et
587 3585 683 3670 imple
698 3585 775 3648 illud
789 3584 839 3649 bis
859 3606 899 3648 ex
919 3585 1018 3649 cruda
1032 3594 1125 3665 terra,
1141 3596 1173 3650 et
1187 3595 1236 3649 ter
1248 3606 1290 3650 ex
1305 3590 1395 3658 coctu,

311 3686 356 3750 ita
377 3695 414 3750 ut
435 3688 507 3751 duae
529 3696 634 3773 partes
655 3688 720 3752 sint
741 3687 847 3751 crudae
869 3698 902 3750 et
923 3698 986 3751 tres
1004 3695 1113 3768 coctae,
1128 3696 1161 3753 et
1174 3709 1298 3773 ponens
1312 3682 1393 3751 simul

311 3789 344 3850 in
358 3808 415 3851 ras
431 3810 584 3873 maguum
600 3789 753 3874 perfunde
767 3810 853 3876 aqua
867 3789 983 3874 tepida,
1002 3798 1035 3852 et
1056 3790 1178 3853 malleis
1198 3811 1238 3855 ac
1260 3788 1395 3854 manibus

310 3888 430 3953 fortiter
451 3911 588 3969 macera,
611 3891 713 3957 donec
735 3891 864 3955 omnino
886 3892 919 3955 in
934 3912 968 3955 se
988 3899 1085 3955 tenax
1106 3893 1158 3956 sit.
1204 3891 1331 3957 Deinde
1344 3891 1394 3974 lig·
1486 3930 1490 3979 '1

310 4011 389 4054 num
415 3989 586 4054 rotundum
607 3991 710 4056 incide
733 3991 774 4055 ad
799 4012 991 4070 mensuram,
1014 4012 1113 4077 quam
1131 3992 1266 4057 volueris
1288 3990 1394 4053 habere
1488 3990 1489 4001 ¹

311 4113 431 4172 vasam,
456 4092 631 4157 secundum
656 4093 867 4179 quantitatem
893 4092 1041 4173 fornacis,
1066 4102 1098 4157 et
1124 4115 1218 4179 super
1241 4092 1317 4156 illud
1338 4090 1394 4153 for·

310 4194 413 4260 mobis
427 4196 592 4259 vasculum
610 4217 720 4274 unum,
736 4205 767 4259 et
786 4194 956 4259 formatum
977 4217 1054 4261 mox
1068 4196 1276 4262 circumlinies
1290 4190 1393 4260 cineri·

309 4298 369 4363 bus
383 4298 485 4377 siccis,
500 4297 592 4363 etsie
601 4299 695 4383 juxta
709 4298 816 4383 ignem
829 4319 912 4382 poue
922 4298 1026 4365 donec
1041 4298 1184 4363 siccetur.
1224 4298 1294 4363 Hoc
1305 4293 1393 4360 modo

670 4450 789 4501 *enar
822 4450 939 4503 nacta.
952 4450 1050 4517 aaran
