3096 5168
457 1247 753 1343 INCIPIT
821 1242 1219 1341 PROLOGUS

554 1678 764 1762 LIBRUM
826 1679 1132 1765 SECUNDUM.

349 2136 379 2205 N
402 2140 612 2230 praecedenti
634 2138 762 2219 libello,
788 2139 895 2207 frater
915 2138 1106 2218 karissime,
1123 2138 1267 2206 sineerae
1283 2135 1398 2207 dileo-

389 2256 493 2324 tionis
519 2253 649 2324 affeetu
673 2276 743 2322 non
766 2276 824 2322 me
847 2253 962 2346 piguit
987 2263 1058 2323 tuae
1081 2251 1188 2322 indoli
1207 2252 1395 2331 insinuare,

296 2372 417 2462 quanti
450 2371 589 2440 honoris
621 2370 836 2461 quantuique
861 2369 1087 2462 perfeetionis
1111 2368 1167 2448 sit,
1193 2368 1307 2437 otium
1332 2366 1398 2436 de·

297 2485 436 2566 clinare,
448 2497 485 2556 et
497 2486 661 2556 inertiam
672 2486 911 2577 desidiamque
924 2483 1080 2566 calcare3
1102 2505 1276 2575 quamque
1288 2481 1399 2553 dulce

297 2623 338 2669 ae
360 2600 578 2681 delectabile,
600 2603 813 2671 diversarum
836 2601 1031 2671 utilitatum
1057 2599 1234 2669 exercitiis
1250 2621 1399 2691 operam

297 2715 389 2793 dare,
410 2716 518 2805 juxta
535 2738 657 2785 vocem
675 2719 821 2788 oratoris
839 2717 1018 2809 cujusdam
1036 2716 1204 2785 dicentis:

409 2878 517 2936 “Scire
532 2878 643 2955 aliquid
656 2879 721 2938 laus
735 2893 797 2949 θεῖς
820 2878 907 2957 culpa
920 2892 974 2948 est,
989 2877 1029 2935 nil
1043 2877 1157 2967 discere
1170 2875 1274 2933 velle.”

299 3029 374 3100 Nec
401 3030 588 3122 pigritetur
608 3031 790 3122 quispiam,
809 3052 900 3111 eum,
919 3030 1049 3120 dequo
1067 3026 1236 3099 Salomon
1258 3027 1317 3106 ait,
1334 3027 1403 3119 qai

298 3144 395 3215 addit
420 3146 604 3227 seientiam,
631 3144 728 3217 addit
757 3154 788 3216 et
812 3144 967 3226 &uberem
992 3144 1274 3238 apprehendere3
1304 3143 1402 3233 quia,

298 3270 450 3353 quantus
480 3284 526 3330 ex
549 3284 592 3331 eo
617 3262 783 3355 procedat
808 3262 932 3332 animae
958 3261 1181 3354 corporisque
1210 3259 1403 3351 profectus,

299 3376 448 3471 diligens
464 3377 655 3448 meditator
672 3378 804 3469 poterit
823 3376 1016 3448 advertere.
1069 3375 1160 3446 Nam
1178 3374 1258 3445 luce
1271 3373 1404 3447 elarius

301 3502 460 3576 constat3
490 3493 581 3585 quia,
603 3493 758 3584 quisquis
784 3494 856 3562 otio
882 3492 1003 3563 studet
1027 3514 1068 3562 aa
1098 3490 1245 3571 levitati,
1271 3488 1405 3561 fabulis

300 3633 439 3702 quoque
456 3609 678 3702 supervacuis
703 3631 845 3701 operam
872 3609 943 3690 dat,
961 3632 1006 3680 ex
1027 3606 1239 3687 scurrilitati,
1257 3605 1407 3676 annom-

300 3725 376 3806 tati,
394 3725 577 3816 potationi,
601 3724 774 3806 ebrietati,
800 3726 893 3807 rixas,
915 3746 1050 3817 pugnae,
1075 3720 1273 3801 homicidio,
1296 3718 1406 3790 luxu-

300 3839 368 3921 riae,
400 3839 511 3921 furtis,
541 3839 740 3933 sacrilegiis,
768 3840 927 3934 perjuriis
953 3849 991 3910 et
1023 3838 1157 3909 oaeteris
1191 3835 1407 3928 hujusmodi,

300 3976 378 4046 quae
395 3956 567 4025 contraria
583 3963 667 4026 sunt
683 3956 793 4027 oculis
820 3953 889 4028 Dei
913 3954 1132 4048 respicientis
1156 3975 1261 4045 super
1286 3951 1407 4020 hurni-

301 4070 372 4141 lem
400 4079 438 4142 et
467 4072 628 4162 quietum
656 4082 693 4142 et
723 4080 928 4165 operantem
954 4071 992 4140 in
1021 4068 1161 4141 silentio
1191 4069 1229 4138 in
1258 4066 1408 4137 nomine

301 4185 457 4269 Domini,
487 4195 525 4256 et
560 4187 786 4260 obedientem
816 4195 990 4279 praeoepto
1021 4186 1063 4255 Β.
1096 4185 1196 4256 Pauli
1230 4181 1406 4276 apostoli:

301 4298 421 4400 Mdpir
438 4310 549 4374 autem
566 4300 693 4374 laboret
710 4303 882 4397 operando
899 4301 1054 4374 monibus
1070 4304 1152 4383 san,
1170 4298 1261 4396 qaod
1278 4297 1407 4369 bonum
1543 4302 1544 4309 ’

301 4426 357 4499 est,
379 4426 415 4489 nt
432 4415 551 4491 labent
569 4417 657 4490 tende
674 4417 801 4490 tribunt
826 4420 1052 4491 rreceasitntem
1073 4417 1229 4511 patienti.
1284 4413 1408 4505 Hujus
