3018 5170
335 529 399 591 356
674 550 868 595 rnsoenrm
895 550 998 594 arana
1024 553 1076 595 ru.

336 706 535 759 convertatur
558 701 693 763 rotunda
709 704 884 779 summitas,
907 713 939 765 et
954 704 985 766 in
1001 705 1100 767 altero
1115 725 1133 764 e
1148 711 1258 765 contra
1275 701 1419 788 aequaliter

338 802 393 861 liat
409 800 543 863 incisura
558 803 683 867 duobus
699 806 807 891 digitis
830 805 996 891 profunda,
1014 807 1046 868 in
1062 828 1126 892 qua
1142 807 1285 868 volvatur
1300 805 1419 867 rotunda

336 904 482 965 incisura.
528 904 603 978 Quo
625 906 722 984 facto,
747 930 836 970 sume
857 908 959 992 ipsum
983 908 1102 993 lignum
1128 916 1160 971 et
1180 908 1374 992 circumpone
1396 907 1419 969 ei
1492 940 1493 977 ,

335 1005 476 1087 argillam
497 1005 618 1069 fortiter
636 1020 841 1089 maceratam,
863 1010 1005 1095 inprimis
1020 1011 1145 1073 duobus
1160 1011 1270 1096 digitis
1289 1010 1419 1093 spissam,
1492 1078 1493 1081 Ἴ

336 1108 400 1191 qua
415 1107 581 1191 diligenter
595 1110 724 1187 siccata,
736 1134 878 1196 suppone
894 1112 922 1175 ei
939 1113 1080 1189 alteram,
1097 1113 1205 1198 sicque
1221 1111 1317 1174 facies
1332 1110 1419 1172 donec

338 1209 439 1272 forma
458 1211 653 1295 compleatur
674 1224 826 1299 quantam
849 1236 919 1277 eam
942 1213 1060 1278 habere
1083 1214 1229 1292 volueris,
1252 1223 1285 1277 et
1303 1234 1374 1277 cave
1388 1231 1420 1273 ne

338 1336 476 1397 unquam
498 1337 692 1399 superponas
713 1318 856 1402 argillam
872 1319 961 1381 alteri
977 1318 1037 1381 nisi
1057 1318 1186 1381 inferior
1205 1318 1334 1381 omnino
1348 1316 1419 1378 sicca

337 1418 438 1479 fucrit.
486 1418 611 1479 Deinde
633 1419 756 1481 colloca
781 1421 881 1505 ipsam
911 1421 1047 1483 formam
1071 1420 1153 1482 inter
1179 1443 1302 1483 asseres
1327 1440 1420 1503 super·

337 1520 481 1602 scriptos,
500 1530 531 1581 ct
546 1521 675 1583 sedente
692 1544 789 1606 puero
805 1523 858 1608 qni
875 1532 988 1600 vertat,
1009 1545 1083 1586 cum
1100 1523 1199 1599 ferris,
1222 1522 1263 1583 ad
1279 1521 1420 1604 hocopus

337 1622 427 1705 aptis,
450 1623 592 1684 tornabis
614 1645 684 1684 eam
705 1625 786 1687 sicut
808 1625 941 1688 volneris
957 1634 990 1687 et
1007 1636 1121 1688 tenens
1141 1646 1284 1710 pannum
1304 1625 1334 1685 in
1349 1642 1418 1707 aqna
1492 1628 1493 1633 ’

340 1724 549 1787 madefactum
566 1747 636 1787 eam
652 1728 804 1811 aequabis.

387 2245 466 2309 Post
485 2245 553 2307 lraec
575 2246 690 2308 tollens
711 2245 837 2331 adipem
862 2248 994 2313 concide
1018 2246 1172 2311 subtiliter
1191 2248 1223 2310 in
1247 2271 1321 2312 vase
1339 2258 1420 2333 atque

341 2349 486 2410 manibus
508 2370 642 2424 macera,
665 2349 863 2434 confixisque
885 2350 1010 2413 duobus
1032 2349 1205 2436 aequalibus
1235 2351 1326 2436 lignis
1353 2350 1422 2434 spis·

339 2451 475 2512 situdine
504 2472 567 2535 qua
605 2451 748 2527 volueris,
783 2473 878 2536 super
912 2473 1052 2515 asserem
1085 2452 1239 2537 aequalem
1270 2452 1301 2514 in
1331 2450 1422 2514 medio

340 2577 448 2617 eorum
484 2555 622 2638 positum
656 2554 782 2639 adipem
817 2555 1008 2631 attenuabis,
1042 2564 1076 2617 et
1109 2554 1251 2639 aequabis
1282 2576 1352 2617 cum
1382 2573 1423 2614 ro

339 2657 440 2719 tundo
478 2656 576 2741 ligno,
611 2656 692 2720 sicut
717 2678 789 2719 cera
817 2658 972 2742 superins,
1002 2656 1167 2741 supposita
1195 2656 1280 2742 aquil
1310 2678 1348 2719 ue
1376 2654 1423 2718 ad-

339 2760 455 2837 hereat,
490 2761 661 2845 statimque
691 2760 737 2825 ita
770 2767 899 2846 repente
934 2760 1054 2824 levabis
1089 2768 1121 2822 et
1149 2759 1311 2823 colocabis
1341 2779 1424 2843 super

339 2864 484 2941 formam,
513 2873 609 2949 atque
638 2863 742 2926 calido
772 2863 855 2926 ferro
888 2862 1169 2926 circumsolidabis.
1220 2860 1357 2925 Rursum
1384 2867 1424 2923 at-

339 2977 472 3029 tenuans
495 2968 607 3029 eodem
640 2966 736 3029 modo
762 2988 858 3028 unam
889 2976 1010 3050 partem
1041 2964 1154 3049 adipis,
1179 2965 1273 3049 juxta
1302 2965 1424 3049 priorem

338 3069 518 3144 collocabis,
536 3069 644 3153 sicque
660 3068 757 3130 facies
768 3067 870 3130 donec
886 3067 1020 3129 formam
1032 3066 1204 3152 cooperies.
1249 3066 1346 3129 Oram
1361 3086 1425 3129 vero

338 3192 501 3254 campanae
524 3170 564 3231 ad
587 3168 711 3231 libitum
734 3180 823 3232 tunm
850 3168 985 3253 spissam
1014 3170 1118 3233 facies.
1167 3169 1305 3254 Adipem
1332 3178 1425 3231 antem

339 3272 468 3335 omnino
495 3273 713 3357 refrigeratum
741 3272 830 3334 ferris
856 3273 957 3334 acutis
984 3272 1136 3350 tornabis,
1164 3283 1195 3334 et
1222 3273 1248 3333 si
1274 3272 1348 3358 qnid
1375 3269 1426 3332 rari

338 3376 441 3461 operis
456 3375 591 3439 volueris
613 3375 697 3438 circa
720 3377 817 3438 latera
839 3396 1014 3459 campanae,
1036 3375 1162 3452 florum,
1185 3374 1250 3437 sive
1268 3375 1426 3447 literarum,

338 3479 371 3542 in
388 3480 480 3564 adipe
495 3479 652 3557 exarabis,
664 3488 863 3563 quatuorque
875 3477 1031 3539 foramina
1046 3477 1204 3562 triangula
1214 3477 1308 3561 juxta
1322 3477 1426 3540 collum

340 3592 375 3644 ut
389 3581 500 3644 melius
520 3581 635 3643 tinniat
654 3580 816 3642 formabis,
864 3579 990 3642 Deinde
1006 3578 1147 3662 argillam
1163 3580 1333 3642 cribratam
1346 3588 1375 3641 et
1388 3576 1427 3639 di-

339 3684 472 3767 ligenter
493 3682 626 3744 mixtam
650 3703 855 3766 superpones,
878 3703 943 3767 qua
969 3682 1097 3760 siccata,
1123 3684 1253 3745 alteram
1277 3692 1311 3746 et
1331 3701 1426 3768 snper·

340 3784 450 3847 addes.
497 3784 548 3848 Ea
561 3785 671 3847 itidem
687 3784 819 3849 omnino
834 3783 954 3847 siccata
969 3794 1133 3846 convertes
1149 3784 1286 3848 formam
1300 3786 1332 3848 in
1347 3787 1427 3855 latus,

340 3896 437 3971 atque
452 3885 561 3948 leniter
584 3886 789 3971 percutiendo
812 3885 927 3950 educes
949 3885 1080 3971 lignum,
1104 3906 1302 3971 rursumque,
1317 3885 1427 3951 elevati

339 3988 452 4067 forma,
468 3988 609 4050 larameri
625 3990 767 4073 superius
788 3987 934 4073 implebis
948 3987 1059 4073 argilla
1073 3988 1170 4066 molli,
1185 3999 1218 4052 et
1232 4011 1361 4052 curvum
1376 3988 1427 4050 fer·

338 4112 419 4169 rum,
442 4090 474 4151 in
497 4112 561 4175 qno
584 4091 711 4154 batillus
733 4091 870 4177 pendere
893 4089 1000 4170 debet,
1021 4089 1054 4151 in
1076 4090 1249 4153 meditullio
1266 4091 1428 4176 imprimes,

337 4194 384 4258 ita
399 4202 434 4255 ut
449 4194 645 4256 summitates
661 4194 730 4279 ejus
746 4193 822 4256 foris
838 4193 1007 4256 emineant.
1052 4190 1199 4278 Cumque
1213 4193 1332 4257 siccata
1347 4191 1430 4256 fuerit

338 4297 460 4383 argilla,
476 4296 526 4359 lac
540 4306 577 4359 ut
591 4297 722 4382 aequalis
744 4296 786 4359 sit
801 4295 930 4380 reliquae
948 4294 1068 4371 formae,
1084 4303 1180 4380 atque
1195 4296 1321 4380 cooperi
1336 4294 1429 4378 adipe,

338 4403 382 4465 ita
408 4412 444 4464 ut
467 4400 663 4465 summitates
688 4400 760 4464 ferri
787 4398 818 4460 iu
844 4398 913 4483 ipso
940 4397 1139 4460 abundanter
1163 4397 1312 4460 haereant.
1358 4395 1430 4459 Post

337 4503 405 4566 haec
422 4504 523 4565 forma
538 4503 665 4581 collum,
681 4511 777 4588 atque
798 4522 900 4576 aures,
916 4507 949 4562 et
964 4498 1155 4584 spiraculum
1171 4499 1237 4561 sive
1252 4497 1427 4561 infusorium
