3090 5174
323 500 387 562 418
782 518 961 562 nonanus.

324 692 442 756 magno
464 671 574 735 labore
588 672 716 749 trititur,
735 681 767 735 et
782 671 910 749 idcirco,
933 691 1022 734 more
1036 671 1164 757 piperis,
1185 668 1356 734 terendum
1378 678 1426 731 est

324 775 356 837 in
383 775 543 852 mortario,
570 776 630 853 vel,
657 775 684 839 si
709 776 787 839 illud
813 796 879 840 non
905 774 1016 853 habes,
1041 775 1242 838 involantum
1267 772 1303 834 in
1329 771 1425 846 corio,

323 878 438 941 deinde
455 879 486 940 in
502 900 659 942 marmore
680 901 752 941 cum
769 900 853 964 aqua
871 878 953 941 sicut
974 877 1079 941 caeteri
1098 877 1233 940 colores.
1279 873 1321 937 In
1338 874 1426 958 cujus

323 988 573 1063 temperamento
595 982 704 1066 accipe
726 982 797 1045 duae
818 990 924 1067 partes
939 980 1048 1066 ipsius,
1071 987 1104 1042 et
1119 978 1245 1042 tertiam
1263 976 1306 1040 de
1322 975 1427 1039 vitello
1536 1056 1539 1061 ἧ

325 1082 376 1146 ovi
392 1082 492 1161 crudi,
514 1091 546 1145 et
563 1083 699 1168 pulveris
721 1084 801 1147 ossis
818 1084 977 1148 combusti
998 1084 1080 1169 plus,
1102 1080 1229 1144 insimul
1250 1078 1427 1154 commixti,

325 1194 357 1246 et
366 1185 459 1246 simul
469 1185 582 1264 misce;
594 1206 706 1248 omues
717 1186 801 1248 enim
810 1186 933 1249 colores
943 1186 1104 1248 moluntur
1113 1205 1187 1246 cum
1195 1203 1428 1268 aqua‚quaex·
1542 1204 1543 1257 ᾗ

325 1282 439 1347 hausta
449 1296 480 1349 et
491 1287 657 1371 diligenter
671 1288 783 1372 ejecta,
791 1288 919 1373 ponitur
930 1286 963 1349 in
978 1286 1024 1350 eis
1038 1286 1151 1364 clares,
1166 1284 1325 1369 praeterin
1339 1283 1428 1347 viridi
1542 1272 1543 1351 i

325 1386 366 1451 de
389 1386 524 1454 Graecia.
570 1389 691 1453 Ocrum
714 1390 836 1454 moliter
853 1411 928 1453 cum
950 1409 1044 1474 aqua,
1059 1387 1114 1450 sed
1139 1408 1204 1450 non
1226 1394 1277 1450 est
1299 1407 1428 1451 necesse
1542 1394 1543 1461 ξ

325 1490 386 1553 nisi
412 1491 586 1575 pictoribus
612 1515 785 1571 murorum,
806 1502 837 1555 et
862 1492 894 1554 in
925 1513 1020 1577 opere
1049 1491 1223 1553 litterarum
1248 1510 1427 1553 aurearum.
1542 1496 1543 1565 ξ

326 1591 494 1655 Safranum
515 1604 621 1678 potest
644 1594 863 1680 distemperari
885 1617 958 1658 cum
980 1595 1085 1657 clarea
1101 1592 1164 1670 ovi,
1188 1592 1237 1656 vel
1252 1613 1329 1655 cum
1345 1591 1428 1668 vino,
1542 1592 1543 1657 l

325 1705 358 1757 et
377 1695 415 1757 lit
440 1696 527 1759 rufus
551 1698 648 1775 color,
671 1696 716 1760 sic
739 1707 775 1760 ut
797 1698 915 1762 brisillo
939 1697 1062 1760 misceri
1084 1694 1193 1780 possit.
1238 1692 1377 1757 Colores
1397 1692 1429 1754 iu

327 1819 520 1882 pergameno
549 1800 625 1862 clari
649 1808 681 1861 et
708 1799 799 1884 spissi
825 1799 858 1862 hi
883 1808 968 1878 sunt,
998 1799 1227 1863 Vermiculum.
1275 1796 1429 1882 Auripig-

327 1908 479 1978 mentum,
496 1900 606 1963 Viride
621 1923 770 1987 graecum,
787 1900 924 1987 Sanguis
947 1902 1116 1980 Draconis,
1138 1899 1329 1965 Gravetum.
1375 1898 1429 1962 In·

327 2000 445 2080 dicum,
458 2001 656 2081 Carminum,
669 2002 802 2082 Crocus,
819 2003 956 2083 Folium,
970 2003 1126 2082 Brunum,
1139 2003 1289 2083 Minium,
1300 2002 1430 2075 Album,

329 2103 476 2188 Nigrum,
501 2105 656 2191 optimum
671 2128 710 2170 ex
726 2108 918 2173 carbonibus
942 2107 1014 2171 vitis
1036 2129 1109 2171 cum
1124 2129 1186 2171 ovo
1208 2106 1292 2170 sicut
1307 2104 1364 2169 alii
1378 2126 1430 2169 co

327 2206 421 2271 Iores.

655 2771 702 2814 ns
725 2770 882 2814 nrxruns
904 2769 1078 2815 conosuu.
1101 2753 1111 2787 ¹

418 2934 604 3000 ZURIUM
636 2937 756 3002 incides
776 2937 817 3001 de
840 2938 941 3024 nigro,
972 2935 1158 3023 maptiaabis
1188 2935 1432 3022 auripigmento.

440 3037 522 3101 Item
545 3038 644 3102 misce
665 3061 739 3103 cum
761 3040 835 3103 albo
857 3039 999 3126 plumbo,
1026 3038 1147 3102 incides
1170 3038 1211 3102 de
1232 3058 1320 3117 azur,
1343 3059 1434 3123 map-

330 3139 441 3203 tizabis
457 3138 497 3201 de
512 3138 586 3202 albo
602 3139 743 3224 plumbo.
787 3139 1004 3206 Vermiculum
1019 3140 1140 3204 incides
1155 3139 1197 3203 de
1211 3139 1328 3217 bruno,
1343 3160 1433 3224 map-

331 3241 393 3305 tiza
408 3241 651 3326 auripigmento,
681 3241 763 3306 Item
779 3243 879 3307 misce
889 3242 1094 3308 vermiculum
1109 3263 1183 3305 cum
1198 3240 1273 3306 albo
1289 3241 1435 3326 plumbo,

331 3354 364 3409 et
378 3345 429 3409 fac
444 3346 581 3409 colorem
597 3345 684 3433 quod
703 3345 818 3411 dicitur
837 3368 919 3425 rosa,
940 3345 1060 3410 incides
1075 3344 1115 3408 de
1135 3343 1320 3424 vermiculo,
1344 3365 1436 3430 map-

330 3446 393 3511 tizs
408 3447 448 3511 de
462 3448 537 3512 albo
558 3448 700 3534 plumbo
745 3448 1022 3535 Auripigmentum
1045 3445 1166 3510 incides
1189 3445 1230 3509 de
1248 3446 1435 3524 vermiculo,

330 3556 363 3611 et
384 3548 428 3612 illi
450 3549 700 3636 maptizabatura
728 3561 872 3629 nonest,
907 3550 994 3637 quod
1018 3550 1165 3635 deturpat
1192 3547 1272 3611 alios
1300 3547 1434 3612 colores

330 3649 453 3715 Tamen
468 3652 558 3716 siris
573 3652 676 3718 facere
693 3654 814 3717 clarum
832 3652 950 3732 videre,
962 3650 1230 3738 auripigmentum
1246 3649 1348 3713 misce
1362 3671 1435 3713 cum

329 3752 448 3833 iudicO,
466 3753 571 3818 incide
585 3755 626 3818 de
641 3756 743 3842 nigro,
765 3754 902 3842 meptiza
921 3753 1163 3841 auripigmento.
1208 3749 1350 3837 Sanguis
1364 3752 1437 3815 dra·

330 3853 420 3917 conis
441 3853 563 3918 incides
584 3856 688 3943 nigro,
711 3858 848 3944 meptiza
862 3857 937 3922 albo
957 3856 1098 3943 plumbo.
1144 3854 1228 3918 Item
1246 3853 1346 3917 misce
1360 3874 1436 3917 san·

330 3955 401 4043 guis
416 3954 563 4021 draconis
578 3979 652 4021 cnm
667 3961 912 4047 auripigmento,
928 3959 1048 4024 incides
1063 3959 1104 4022 de
1118 3957 1222 4044 nigro,
1239 3956 1380 4041 meptiza
1396 3956 1436 4019 de

330 4057 404 4122 albo
426 4056 568 4144 plumbo.
621 4058 732 4125 Viride
758 4061 880 4127 incides
901 4063 942 4127 de
963 4062 1065 4147 nigro,
1094 4060 1233 4147 maptizs
1253 4058 1296 4122 de
1318 4056 1436 4143 apulia.

332 4162 414 4226 Item
437 4161 536 4226 misce
557 4161 657 4227 viride
685 4185 758 4227 cum
781 4165 866 4244 albo,
888 4163 1009 4228 incides
1028 4164 1070 4226 de
1085 4161 1177 4225 viridi
1198 4160 1340 4247 meptiza
1361 4160 1437 4223 albo

329 4264 471 4351 plumbo.
519 4264 600 4330 Item
615 4264 713 4330 misce
733 4276 899 4352 gravetum
913 4287 988 4331 cum
1002 4266 1077 4331 albo
1092 4265 1236 4351 plumbo,
1258 4262 1380 4327 incides
1395 4260 1437 4323 de

740 4470 746 4499 ¹
763 4471 794 4520 ab
806 4469 897 4521 Eraclia
908 4478 1023 4533 excerpto.
