3166 5190
277 503 337 564 14⁴
630 524 820 568 ruaorurar
844 525 946 568 arasa
969 526 1005 568 rr.

275 673 416 736 tudinem
433 696 561 760 quoque
585 673 729 752 similem,
746 676 976 759 longitudinem
993 698 1067 740 vero
1090 677 1214 740 modice
1237 679 1378 764 amplius

274 775 409 838 duorum
440 776 568 860 pedum.
616 775 742 839 Deinde
774 779 948 843 macerabis
973 781 1117 864 argillam
1149 779 1269 844 sortiter
1299 805 1375 847 cum

274 898 357 962 aqua
372 888 404 940 et
431 879 507 940 fimo
531 879 616 963 equi,
632 879 677 942 ita
700 890 736 942 ut
753 889 816 943 tres
841 890 947 966 partes
971 881 1036 945 sint
1062 881 1183 966 argilla,
1207 893 1240 945 et
1260 895 1377 968 quarta

274 979 378 1042 fimus.
425 979 499 1054 Qua
525 981 645 1066 optime
670 992 842 1062 macerata,
870 983 1018 1048 miscebis
1042 984 1070 1047 ei
1098 985 1218 1048 soenum
1241 985 1376 1063 siccum,

274 1082 393 1144 faciens
409 1081 482 1145 inde
498 1083 641 1169 pastillos
656 1085 770 1169 longos
785 1098 818 1148 et
833 1084 1012 1170 cooperies
1027 1107 1135 1149 areum
1152 1086 1310 1172 virgarum
1327 1088 1377 1151 iu-

274 1183 370 1246 terius
386 1192 418 1247 et
442 1186 578 1248 exterius
593 1184 634 1247 ad
658 1186 894 1270 spissitudinem
918 1186 1011 1249 unius
1035 1187 1145 1273 pugni,
1160 1197 1193 1252 et
1213 1187 1245 1250 in
1267 1190 1375 1254 medio

273 1288 416 1372 superius
432 1289 589 1375 relinques
606 1289 748 1353 foramen
764 1291 936 1355 rotundum
952 1313 1009 1375 per
1023 1292 1109 1378 quod
1125 1293 1227 1377 possis
1242 1315 1375 1357 manum

273 1397 359 1451 tuam
377 1390 536 1475 imponere
545 1415 555 1469 ;
579 1391 678 1455 facies
693 1393 788 1455 etiam
806 1393 862 1457 tibi
880 1404 943 1457 tres
960 1394 1068 1458 trabes
1084 1394 1203 1459 ferreos
1218 1396 1376 1480 grossitu-

273 1489 346 1553 dine
361 1493 453 1555 unius
469 1492 571 1578 digiti,
587 1503 619 1555 et
635 1493 831 1578 longitudine
848 1496 940 1560 tanta
956 1506 991 1558 ut
1006 1496 1131 1582 possint
1145 1496 1279 1560 transire
1300 1497 1374 1560 lati·

273 1591 414 1655 tudinem
430 1595 522 1673 lumi,
538 1596 653 1682 quibus
668 1596 766 1660 lacies
776 1620 817 1660 err
828 1605 962 1683 utraque
978 1607 1066 1682 parte
1082 1597 1142 1661 tria
1157 1595 1323 1676 foramina,
1337 1610 1373 1661 ut

273 1716 345 1755 curn
373 1698 507 1760 volueris
538 1699 639 1783 possis
670 1700 831 1786 imponere
862 1713 894 1764 et
920 1700 1042 1785 ejIcere.
1087 1700 1177 1765 Tunc
1207 1723 1307 1785 pones
1338 1701 1371 1763 in

274 1794 399 1860 turnum
416 1799 522 1883 ignem
538 1810 570 1863 et
586 1802 672 1886 ligna
687 1802 789 1866 donec
806 1804 990 1866 exsiccetur.

563 2417 796 2515 CAPUT
853 2417 1069 2513 XXIII.

545 2679 715 2729 Quouono
738 2678 923 2730 convertis
944 2678 1089 2723 vr'rautt.

319 2850 500 2915 NTEIlIM
529 2852 579 2916 fac
604 2852 659 2917 tibi
687 2853 829 2918 tabulam
857 2851 990 2917 ferream
1015 2853 1056 2915 ad
1079 2872 1262 2916 mensuram
1288 2844 1371 2916 furni

339 2953 478 3033 interius,
493 2954 634 3041 exceptis
656 2955 782 3019 duobus
796 2955 904 3041 digitis
926 2956 959 3018 in
973 2953 1170 3039 longitudine
1192 2964 1226 3019 et
1244 2953 1371 3018 duobus

269 3055 302 3117 in
317 3055 493 3135 latitudine,
509 3078 715 3142 superquam
731 3056 882 3121 cribrabis
901 3057 1021 3120 calcem
1033 3056 1151 3135 rivum,
1167 3056 1233 3120 sire
1248 3057 1371 3121 cineres

269 3156 473 3243 spissitudine
495 3159 588 3222 unius
610 3158 749 3239 festucae,
764 3168 796 3221 et
817 3181 891 3222 cum
913 3158 1027 3245 aequeli
1050 3158 1152 3245 ligno¹
1179 3167 1216 3221 ut
1237 3158 1372 3223 firmiter

263 3262 404 3346 jaceant.
450 3259 592 3325 Habebit
613 3260 726 3324 eadem
741 3260 853 3324 tabula
871 3262 1007 3325 caudam
1030 3261 1176 3340 ferream,
1192 3282 1249 3346 per
1269 3282 1369 3347 quam

270 3364 370 3449 possit
384 3363 501 3449 portari
516 3373 549 3427 et
562 3363 682 3450 imponi
699 3386 737 3427 ac
752 3364 885 3428 extrahi.
932 3363 1041 3428 Pones
1057 3373 1164 3428 autem
1185 3384 1280 3448 super
1295 3385 1369 3427 eam

269 3466 386 3531 vitrum
412 3468 530 3553 pictum
556 3466 723 3553 diligenter
738 3475 770 3531 et
792 3469 1009 3554 conjunctum,
1029 3466 1074 3530 ita
1096 3475 1132 3529 ut
1155 3465 1190 3528 in
1213 3465 1370 3530 exteriore

269 3580 359 3652 parte
385 3593 494 3635 versus
516 3569 651 3634 caudam
679 3590 781 3655 ponas
805 3570 905 3634 viride
927 3579 959 3634 et
980 3568 1154 3654 saphirum,
1177 3589 1215 3631 ac
1236 3566 1370 3631 interius

268 3671 376 3734 album
392 3693 539 3736 croceum
554 3680 586 3735 et
602 3692 805 3759 purpureum,
820 3672 907 3759 quod
922 3670 1032 3735 durius
1052 3680 1101 3735 est
1115 3679 1227 3733 contra
1248 3669 1369 3754 ignem,

267 3772 369 3835 etsie
395 3773 544 3837 immissis
560 3774 702 3838 trabibus
726 3795 827 3859 pones
852 3795 946 3859 super
968 3794 1024 3837 eos
1039 3773 1192 3836 tabulam.
1239 3770 1370 3834 Deinde

267 3872 392 3958 accipes
407 3873 494 3959 ligna
510 3874 637 3960 faginea
660 3875 693 3937 in
709 3874 799 3939 furno
814 3875 907 3939 valde
923 3874 1017 3953 sicca,
1034 3884 1067 3938 et
1089 3872 1244 3938 accendes
1258 3872 1370 3957 ignem

269 3975 428 4038 modicum
445 3975 478 4038 in
493 3975 597 4055 firmo,
619 3985 730 4063 postea
745 3977 899 4063 majorem
921 3998 995 4040 cum
1010 3976 1098 4040 omni
1112 3976 1246 4054 cautela,
1261 3974 1368 4038 donec

267 4078 375 4143 videas
398 4077 563 4142 flammam
586 4090 681 4159 retro,
695 4088 729 4142 et
751 4101 791 4142 ex
817 4089 950 4166 utraque
965 4088 1055 4166 parte
1078 4079 1160 4142 inter
1183 4076 1311 4140 furnum
1333 4085 1369 4140 et

266 4182 407 4246 tabulam
423 4180 603 4260 ascendere,
619 4190 651 4244 et
666 4180 781 4244 vitrum
796 4182 979 4246 transiendo
994 4191 1092 4267 atque
1109 4179 1199 4268 quasi
1214 4177 1368 4264 lingendo

266 4286 454 4372 cooperire,
470 4285 591 4350 tamdiu
615 4284 718 4347 donec
738 4282 926 4363 candescat3
955 4293 988 4346 et
1001 4282 1109 4346 statim
1133 4282 1262 4368 ejiciens
1277 4280 1368 4366 ligna

554 4485 560 4513 ¹
578 4486 634 4534 MS.
647 4484 747 4547 Guelpl.
758 4484 774 4509 “
780 4496 900 4543 compones
910 4482 970 4540 eos,’'
981 4482 1088 4530 additur.
