3166 5190
697 534 888 578 'l'llEOPlIlLl
914 536 1018 580 mauu
1042 539 1094 581 111.

623 770 854 867 CAPUT
916 773 1162 869 XXXIX

721 989 804 1032 ITEM
829 989 926 1033 UNDE
949 990 1068 1034 SUPRA.

404 1137 417 1200 l
435 1160 510 1201 vero
526 1159 637 1223 parum
652 1138 746 1202 fuerit
760 1138 838 1217 auri,
854 1139 941 1225 quod
957 1161 1093 1225 coquere
1109 1139 1165 1218 ris,
1181 1140 1285 1224 ipsum
1302 1151 1435 1226 percute,

445 1252 477 1305 et
499 1264 655 1327 compone
678 1243 710 1303 in
726 1251 823 1304 testas
839 1242 921 1306 sicut
935 1243 1089 1328 superius.
1135 1242 1254 1307 Postea
1267 1244 1376 1329 accipe
1390 1246 1435 1307 ol-

341 1346 404 1408 lam
420 1366 536 1409 novam
557 1354 590 1407 ct
612 1344 722 1428 frange
745 1343 777 1407 in
800 1344 900 1408 fundo
922 1368 1021 1408 unum
1044 1345 1198 1425 foramen,
1213 1355 1245 1409 et
1259 1346 1343 1410 circa
1357 1347 1436 1410 latus

343 1458 488 1534 quatuor,
503 1454 536 1509 ct
551 1446 601 1508 fac
624 1445 656 1508 in
672 1446 781 1531 argilla
800 1447 895 1510 breve
910 1448 1074 1511 vasculum
1097 1470 1170 1512 curn
1192 1448 1293 1512 tribus
1307 1450 1437 1535 pedibus

341 1552 386 1614 sio
402 1550 592 1613 abinvicem
609 1549 772 1633 separatis,
788 1560 824 1613 ut
839 1551 964 1635 possint
980 1560 1063 1614 stare
1078 1573 1173 1636 super
1186 1552 1339 1628 foramen,
1354 1552 1436 1638 quod
1553 1582 1554 1591 ¹

341 1664 390 1717 cst
416 1651 572 1717 infundo
597 1653 685 1732 ollae3
713 1674 808 1739 super
833 1653 920 1739 quod
944 1676 1018 1717 curn
1042 1654 1195 1717 siccatum
1222 1654 1315 1716 fucrit
1340 1676 1437 1739 pones
1553 1722 1554 1739 ξ

342 1766 439 1819 testas
455 1777 528 1818 cum
544 1777 632 1833 auro,
653 1765 684 1818 et
699 1755 839 1819 elevabis
861 1756 957 1820 ollam
974 1778 1070 1841 super
1083 1766 1149 1820 tres
1164 1757 1286 1841 lapides
1301 1779 1321 1821 e
1335 1778 1370 1820 se
1383 1757 1436 1820 ali·

341 1858 529 1944 quantulum
553 1867 692 1922 remotos
707 1864 797 1945 aeque
819 1859 950 1944 spissos,
973 1868 1006 1924 et
1020 1858 1145 1922 inmitte
1158 1858 1313 1924 carbones
1328 1860 1437 1923 arden·
1553 1862 1554 1899 ³

341 1971 399 2037 tes,
414 1959 529 2023 deinde
544 1960 711 2039 extinctos,
727 1960 836 2046 sicque
851 1960 997 2046 quotiens
1009 1960 1182 2024 defecerint
1196 1984 1373 2048 superpone
1388 1961 1437 2024 fri·
1553 2012 1554 2019 ,

342 2063 443 2148 gidos,
459 2071 490 2124 et
506 2083 670 2147 nunquam
693 2062 819 2147 patieris
835 2072 934 2128 testas
949 2065 1051 2127 nudas
1066 2086 1135 2128 esse
1151 2062 1193 2127 ab
1208 2063 1290 2148 igne.
1337 2062 1437 2126 luter·

342 2164 418 2228 dum
435 2187 509 2227 vero
525 2187 596 2227 curn
620 2163 730 2249 gracili
753 2165 840 2250 ligno
862 2188 917 2252 per
933 2166 1094 2229 'foramen
1118 2164 1249 2230 inmisso
1265 2189 1358 2251 move
1373 2188 1437 2229 car-

341 2267 450 2343 bones,
467 2277 498 2328 et
514 2264 641 2328 inferius
664 2264 816 2345 similiter,
840 2278 875 2330 ut
897 2268 1016 2332 cineres
1032 2277 1147 2331 exeant
1162 2278 1194 2331 et
1208 2277 1321 2333 ventus
1336 2269 1437 2332 aditus

342 2370 459 2433 habeat
503 2368 618 2456 Sicque
634 2367 731 2430 facies
754 2390 827 2431 cum
850 2371 1043 2435 carbonibus
1062 2370 1094 2433 in
1114 2371 1188 2449 olla,
1203 2370 1285 2435 sicut
1300 2372 1438 2457 superius

342 2495 414 2535 curu
431 2473 524 2555 lignis
541 2472 572 2536 in
589 2472 691 2534 furno.

636 2960 868 3057 CAPUT
925 2962 1142 3059 XXXV.

709 3181 755 3223 DE
777 3181 943 3225 MOLENDO
966 3181 1071 3226 AURO.

413 3328 574 3394 OCTUM
594 3353 669 3395 vero
691 3331 825 3417 pleniter
846 3353 969 3410 aurum,
992 3331 1018 3394 si
1040 3332 1161 3396 molere
1182 3333 1329 3411 volueris,
1352 3334 1437 3395 mitte

455 3435 528 3499 inde
546 3457 640 3520 super
654 3444 769 3499 testam
791 3442 865 3498 octo
886 3434 1110 3498 'denariorum
1133 3444 1165 3498 et
1187 3436 1329 3520 pondera
1343 3436 1437 3499 octies
1553 3474 1554 3477 =

339 3548 463 3603 tantum
479 3538 541 3600 vivi
563 3538 697 3624 argenti,
720 3537 770 3601 cui
788 3537 896 3601 statim
918 3537 1044 3601 inmitte
1066 3559 1178 3601 aurum
1198 3547 1231 3601 et
1245 3538 1324 3601 frica
1337 3539 1436 3603 donec
1553 3584 1554 3587 ,

340 3643 446 3706 album
463 3644 528 3722 fiat,
545 3651 640 3729 etque
656 3641 867 3727 particulatim
879 3640 1055 3727 confringe.
1098 3640 1188 3705 Tolle
1199 3664 1327 3728 quoque
1342 3664 1436 3705 uuuur
1553 3642 1554 3645 ’

340 3747 502 3809 vasculum
528 3767 568 3809 ex
596 3745 655 3823 his,
682 3744 715 3808 in
742 3744 859 3830 quibus
885 3765 997 3807 aurum
1021 3744 1070 3808 vel
1096 3754 1264 3830 argentum
1288 3744 1436 3819 funditur,

339 3848 424 3933 quod
442 3857 548 3910 tomen
571 3847 612 3910 ad
632 3847 714 3910 istud
730 3868 810 3932 opus
826 3845 959 3933 spissius
973 3846 1034 3910 illis
1049 3846 1145 3911 debet
1159 3869 1240 3926 esse,
1256 3856 1290 3911 et
1303 3847 1394 3911 mitte
1407 3846 1436 3908 in

338 3948 444 4032 ignem
460 3948 562 4012 donec
584 3950 775 4029 candescat;
801 3950 918 4014 ferrum
940 3948 1036 4013 etiam
1059 3949 1177 4034 gracile
1200 3958 1234 4012 et
1250 3972 1393 4028 cursum,
1406 3948 1435 4010 in

338 4072 402 4113 uno
418 4051 520 4136 capite
537 4052 702 4116 manubrio
717 4052 862 4133 infixum,
874 4053 908 4116 in
917 4054 1017 4116 altero
1029 4073 1103 4115 vero
1118 4052 1242 4116 habens
1253 4053 1375 4117 nodum
1390 4074 1436 4115 ro·
1553 4052 1554 4067 ¹

337 4152 483 4231 tundum,
499 4153 588 4218 mitte
604 4153 747 4219 similiter
761 4154 793 4218 in
811 4154 930 4242 ignem,
946 4165 1067 4251 etcum
1083 4162 1253 4242 utrumque
1267 4155 1435 4232 canduerit,

336 4263 409 4320 tene
425 4256 542 4342 forcipe
558 4259 722 4322 vasculum
738 4280 832 4343 super
847 4259 1012 4322 scutellam
1028 4259 1137 4337 latam,
1152 4258 1281 4339 siccam,
1296 4270 1330 4323 et
1344 4260 1434 4322 funde

638 4409 645 4438 ¹
664 4413 679 4435 ‘⁴
688 4409 822 4469 foramina,”
833 4409 889 4458 iuri.

640 4489 650 4517 ¹
669 4492 862 4539 “nummorum”
898 4494 954 4541 Ood.
968 4494 1068 4555 culpe.
