<?xml version="1.0" encoding="UTF-8"?>
<!DOCTYPE html PUBLIC "-//W3C//DTD XHTML 1.0 Transitional//EN"
    "http://www.w3.org/TR/xhtml1/DTD/xhtml1-transitional.dtd">
<html xmlns="http://www.w3.org/1999/xhtml" xml:lang="en" lang="en">
 <head>
  <title>
</title>
<meta http-equiv="Content-Type" content="text/html;charset=utf-8" />
  <meta name='ocr-system' content='tesseract 3.04.00' />
  <meta name='ocr-capabilities' content='ocr_page ocr_carea ocr_par ocr_line ocrx_word'/>
</head>
<body>
  <div class='ocr_page' id='page_1' title='image "./theophiliquietr01hendgoog_0065.png"; bbox 0 0 3144 5184; ppageno 0'>
   <div class='ocr_carea' id='block_1_1' title="bbox 311 480 955 542">
    <p class='ocr_par' dir='ltr' id='par_1_1' title="bbox 311 480 955 542">
     <span class='ocr_line' id='line_1_1' title="bbox 311 480 955 542; baseline -0.005 -1"><span class='ocrx_word' id='word_1_1' title='bbox 311 480 394 542; x_wconf 81' lang='lat' dir='ltr'>xlviii</span> <span class='ocrx_word' id='word_1_2' title='bbox 780 497 955 539; x_wconf 72' lang='lat' dir='ltr'>onerario.</span> 
     </span>
    </p>
   </div>
   <div class='ocr_carea' id='block_1_2' title="bbox 310 666 1418 1202">
    <p class='ocr_par' dir='ltr' id='par_1_2' title="bbox 310 666 1418 1202">
     <span class='ocr_line' id='line_1_2' title="bbox 310 666 1415 755; baseline -0.001 -18"><span class='ocrx_word' id='word_1_3' title='bbox 310 670 427 737; x_wconf 89' lang='lat' dir='ltr'>divina</span> <span class='ocrx_word' id='word_1_4' title='bbox 444 668 608 755; x_wconf 73' lang='lat' dir='ltr'>dignatio,</span> <span class='ocrx_word' id='word_1_5' title='bbox 628 667 763 735; x_wconf 87' lang='lat' dir='ltr'>eunctis</span> <span class='ocrx_word' id='word_1_6' title='bbox 782 666 962 734; x_wconf 88' lang='lat' dir='ltr'>humiliter</span> <span class='ocrx_word' id='word_1_7' title='bbox 981 667 1115 735; x_wconf 77' lang='lat' dir='ltr'>discere</span> <span class='ocrx_word' id='word_1_8' title='bbox 1133 666 1415 736; x_wconf 83' lang='lat' dir='ltr'>desiderantibus</span> 
     </span>
     <span class='ocr_line' id='line_1_3' title="bbox 310 781 1418 875; baseline 0.001 -25"><span class='ocrx_word' id='word_1_9' title='bbox 310 785 418 875; x_wconf 83' lang='lat' dir='ltr'>gratis</span> <span class='ocrx_word' id='word_1_10' title='bbox 441 784 557 863; x_wconf 84' lang='lat' dir='ltr'>ollem,</span> <span class='ocrx_word' id='word_1_11' title='bbox 584 793 621 851; x_wconf 90' lang='lat' dir='ltr'>et</span> <span class='ocrx_word' id='word_1_12' title='bbox 646 791 686 850; x_wconf 93' lang='lat' dir='ltr'>ut</span> <span class='ocrx_word' id='word_1_13' title='bbox 713 785 748 851; x_wconf 91' lang='lat' dir='ltr'>in</span> <span class='ocrx_word' id='word_1_14' title='bbox 777 807 834 851; x_wconf 89' lang='lat' dir='ltr'>me</span> <span class='ocrx_word' id='word_1_15' title='bbox 862 783 1117 873; x_wconf 79' lang='lat' dir='ltr'>benignitatem</span> <span class='ocrx_word' id='word_1_16' title='bbox 1144 781 1213 850; x_wconf 88' lang='lat' dir='ltr'>Dei</span> <span class='ocrx_word' id='word_1_17' title='bbox 1232 806 1418 874; x_wconf 84' lang='lat' dir='ltr'>recognos-</span> 
     </span>
     <span class='ocr_line' id='line_1_4' title="bbox 310 899 1416 991; baseline 0.001 -22"><span class='ocrx_word' id='word_1_18' title='bbox 310 912 392 969; x_wconf 88' lang='lat' dir='ltr'>cant</span> <span class='ocrx_word' id='word_1_19' title='bbox 419 900 688 991; x_wconf 87' lang='lat' dir='ltr'>largitatemque</span> <span class='ocrx_word' id='word_1_20' title='bbox 715 902 896 979; x_wconf 80' lang='lat' dir='ltr'>mirentur,</span> <span class='ocrx_word' id='word_1_21' title='bbox 914 899 1095 979; x_wconf 89' lang='lat' dir='ltr'>admoneo,</span> <span class='ocrx_word' id='word_1_22' title='bbox 1123 909 1160 967; x_wconf 90' lang='lat' dir='ltr'>et</span> <span class='ocrx_word' id='word_1_23' title='bbox 1187 907 1228 968; x_wconf 92' lang='lat' dir='ltr'>ut</span> <span class='ocrx_word' id='word_1_24' title='bbox 1255 900 1360 981; x_wconf 88' lang='lat' dir='ltr'>idem,</span> <span class='ocrx_word' id='word_1_25' title='bbox 1388 900 1416 970; x_wconf 87' lang='lat' dir='ltr'>si</span> 
     </span>
     <span class='ocr_line' id='line_1_5' title="bbox 311 1016 1410 1109; baseline -0.001 -23"><span class='ocrx_word' id='word_1_26' title='bbox 311 1042 416 1108; x_wconf 89' lang='lat' dir='ltr'>opera</span> <span class='ocrx_word' id='word_1_27' title='bbox 433 1017 640 1097; x_wconf 85' lang='lat' dir='ltr'>addiderint,</span> <span class='ocrx_word' id='word_1_28' title='bbox 660 1018 723 1086; x_wconf 85' lang='lat' dir='ltr'>sibi</span> <span class='ocrx_word' id='word_1_29' title='bbox 743 1029 868 1109; x_wconf 69' lang='lat' dir='ltr'>praesto</span> <span class='ocrx_word' id='word_1_30' title='bbox 887 1039 972 1097; x_wconf 92' lang='lat' dir='ltr'>esse,</span> <span class='ocrx_word' id='word_1_31' title='bbox 993 1016 1113 1106; x_wconf 90' lang='lat' dir='ltr'>procul</span> <span class='ocrx_word' id='word_1_32' title='bbox 1131 1018 1239 1086; x_wconf 91' lang='lat' dir='ltr'>dnbio</span> <span class='ocrx_word' id='word_1_33' title='bbox 1257 1016 1410 1085; x_wconf 86' lang='lat' dir='ltr'>credant</span> 
     </span>
     <span class='ocr_line' id='line_1_6' title="bbox 312 1157 459 1202; baseline 0.014 -2"><span class='ocrx_word' id='word_1_34' title='bbox 312 1157 459 1202; x_wconf 87' lang='lat' dir='ltr'>rnsmuo.</span> 
     </span>
    </p>
   </div>
   <div class='ocr_carea' id='block_1_3' title="bbox 309 1364 1416 4353">
    <p class='ocr_par' dir='ltr' id='par_1_3' title="bbox 309 1364 1416 4353">
     <span class='ocr_line' id='line_1_7' title="bbox 361 1364 1414 1458; baseline -0.002 -24"><span class='ocrx_word' id='word_1_35' title='bbox 361 1365 461 1435; x_wconf 87' lang='lat' dir='ltr'>Sicut</span> <span class='ocrx_word' id='word_1_36' title='bbox 492 1368 585 1434; x_wconf 88' lang='lat' dir='ltr'>enim</span> <span class='ocrx_word' id='word_1_37' title='bbox 617 1367 749 1435; x_wconf 90' lang='lat' dir='ltr'>homini</span> <span class='ocrx_word' id='word_1_38' title='bbox 781 1367 1014 1458; x_wconf 89' lang='lat' dir='ltr'>quodcunque</span> <span class='ocrx_word' id='word_1_39' title='bbox 1038 1367 1189 1435; x_wconf 89' lang='lat' dir='ltr'>vetitum</span> <span class='ocrx_word' id='word_1_40' title='bbox 1221 1375 1283 1433; x_wconf 86' lang='lat' dir='ltr'>aut</span> <span class='ocrx_word' id='word_1_41' title='bbox 1314 1364 1414 1433; x_wconf 89' lang='lat' dir='ltr'>inde·</span> 
     </span>
     <span class='ocr_line' id='line_1_8' title="bbox 312 1481 1416 1574; baseline 0 -26"><span class='ocrx_word' id='word_1_42' title='bbox 312 1482 425 1549; x_wconf 87' lang='lat' dir='ltr'>bitum</span> <span class='ocrx_word' id='word_1_43' title='bbox 457 1484 694 1574; x_wconf 88' lang='lat' dir='ltr'>cujuscunque</span> <span class='ocrx_word' id='word_1_44' title='bbox 730 1485 823 1552; x_wconf 92' lang='lat' dir='ltr'>modi</span> <span class='ocrx_word' id='word_1_45' title='bbox 861 1484 1053 1551; x_wconf 85' lang='lat' dir='ltr'>ambitione</span> <span class='ocrx_word' id='word_1_46' title='bbox 1087 1488 1313 1571; x_wconf 83' lang='lat' dir='ltr'>attemptare,</span> <span class='ocrx_word' id='word_1_47' title='bbox 1343 1481 1416 1550; x_wconf 81' lang='lat' dir='ltr'>sive</span> 
     </span>
     <span class='ocr_line' id='line_1_9' title="bbox 314 1597 1416 1692; baseline -0.002 -26"><span class='ocrx_word' id='word_1_48' title='bbox 314 1599 434 1688; x_wconf 86' lang='lat' dir='ltr'>rapina</span> <span class='ocrx_word' id='word_1_49' title='bbox 461 1623 636 1689; x_wconf 72' lang='lat' dir='ltr'>usupare,</span> <span class='ocrx_word' id='word_1_50' title='bbox 665 1602 822 1692; x_wconf 90' lang='lat' dir='ltr'>iniquum</span> <span class='ocrx_word' id='word_1_51' title='bbox 853 1610 906 1668; x_wconf 88' lang='lat' dir='ltr'>est</span> <span class='ocrx_word' id='word_1_52' title='bbox 938 1610 974 1668; x_wconf 89' lang='lat' dir='ltr'>ct</span> <span class='ocrx_word' id='word_1_53' title='bbox 1001 1597 1231 1680; x_wconf 84' lang='lat' dir='ltr'>detestabile3</span> <span class='ocrx_word' id='word_1_54' title='bbox 1260 1598 1309 1666; x_wconf 85' lang='lat' dir='ltr'>sic</span> <span class='ocrx_word' id='word_1_55' title='bbox 1333 1597 1416 1686; x_wconf 88' lang='lat' dir='ltr'>jure</span> 
     </span>
     <span class='ocr_line' id='line_1_10' title="bbox 314 1714 1415 1807; baseline 0 -26"><span class='ocrx_word' id='word_1_56' title='bbox 314 1714 473 1782; x_wconf 89' lang='lat' dir='ltr'>debitum</span> <span class='ocrx_word' id='word_1_57' title='bbox 501 1725 609 1784; x_wconf 86' lang='lat' dir='ltr'>etex</span> <span class='ocrx_word' id='word_1_58' title='bbox 636 1726 736 1807; x_wconf 89' lang='lat' dir='ltr'>patre</span> <span class='ocrx_word' id='word_1_59' title='bbox 766 1716 845 1785; x_wconf 86' lang='lat' dir='ltr'>Deo</span> <span class='ocrx_word' id='word_1_60' title='bbox 874 1715 1133 1784; x_wconf 74' lang='lat' dir='ltr'>haereditarium</span> <span class='ocrx_word' id='word_1_61' title='bbox 1160 1714 1415 1804; x_wconf 89' lang='lat' dir='ltr'>intemptatum</span> 
     </span>
     <span class='ocr_line' id='line_1_11' title="bbox 311 1829 1416 1923; baseline 0.002 -28"><span class='ocrx_word' id='word_1_62' title='bbox 311 1829 490 1920; x_wconf 82' lang='lat' dir='ltr'>negligere</span> <span class='ocrx_word' id='word_1_63' title='bbox 519 1839 581 1898; x_wconf 89' lang='lat' dir='ltr'>aut</span> <span class='ocrx_word' id='word_1_64' title='bbox 612 1834 830 1923; x_wconf 86' lang='lat' dir='ltr'>contemptui</span> <span class='ocrx_word' id='word_1_65' title='bbox 864 1833 1002 1911; x_wconf 89' lang='lat' dir='ltr'>ducere,</span> <span class='ocrx_word' id='word_1_66' title='bbox 1033 1829 1179 1921; x_wconf 85' lang='lat' dir='ltr'>ignaviae</span> <span class='ocrx_word' id='word_1_67' title='bbox 1205 1829 1416 1898; x_wconf 86' lang='lat' dir='ltr'>adscribitur</span> 
     </span>
     <span class='ocr_line' id='line_1_12' title="bbox 309 1943 1414 2039; baseline 0 -27"><span class='ocrx_word' id='word_1_68' title='bbox 309 1967 350 2012; x_wconf 90' lang='lat' dir='ltr'>ac</span> <span class='ocrx_word' id='word_1_69' title='bbox 376 1943 545 2013; x_wconf 74' lang='lat' dir='ltr'>stultitia.</span> <span class='ocrx_word' id='word_1_70' title='bbox 598 1946 652 2015; x_wconf 86' lang='lat' dir='ltr'>Tu</span> <span class='ocrx_word' id='word_1_71' title='bbox 671 1971 754 2039; x_wconf 87' lang='lat' dir='ltr'>ergo</span> <span class='ocrx_word' id='word_1_72' title='bbox 772 1950 972 2039; x_wconf 90' lang='lat' dir='ltr'>quicunque</span> <span class='ocrx_word' id='word_1_73' title='bbox 997 1970 1043 2027; x_wconf 91' lang='lat' dir='ltr'>es,</span> <span class='ocrx_word' id='word_1_74' title='bbox 1070 1944 1118 2013; x_wconf 87' lang='lat' dir='ltr'>fili</span> <span class='ocrx_word' id='word_1_75' title='bbox 1145 1946 1331 2026; x_wconf 85' lang='lat' dir='ltr'>carissime,</span> <span class='ocrx_word' id='word_1_76' title='bbox 1358 1945 1414 2013; x_wconf 91' lang='lat' dir='ltr'>cui</span> 
     </span>
     <span class='ocr_line' id='line_1_13' title="bbox 311 2059 1415 2154; baseline 0 -25"><span class='ocrx_word' id='word_1_77' title='bbox 311 2059 410 2129; x_wconf 90' lang='lat' dir='ltr'>Deus</span> <span class='ocrx_word' id='word_1_78' title='bbox 433 2062 528 2129; x_wconf 84' lang='lat' dir='ltr'>misit</span> <span class='ocrx_word' id='word_1_79' title='bbox 555 2062 589 2129; x_wconf 94' lang='lat' dir='ltr'>in</span> <span class='ocrx_word' id='word_1_80' title='bbox 617 2086 676 2131; x_wconf 85' lang='lat' dir='ltr'>eor</span> <span class='ocrx_word' id='word_1_81' title='bbox 701 2086 865 2154; x_wconf 89' lang='lat' dir='ltr'>campum</span> <span class='ocrx_word' id='word_1_82' title='bbox 894 2063 1101 2132; x_wconf 90' lang='lat' dir='ltr'>latissimum</span> <span class='ocrx_word' id='word_1_83' title='bbox 1130 2061 1343 2129; x_wconf 84' lang='lat' dir='ltr'>diversarum</span> <span class='ocrx_word' id='word_1_84' title='bbox 1362 2084 1415 2129; x_wconf 86' lang='lat' dir='ltr'>ar-</span> 
     </span>
     <span class='ocr_line' id='line_1_14' title="bbox 310 2176 1413 2271; baseline 0.001 -26"><span class='ocrx_word' id='word_1_85' title='bbox 310 2178 400 2246; x_wconf 91' lang='lat' dir='ltr'>tium</span> <span class='ocrx_word' id='word_1_86' title='bbox 428 2181 644 2270; x_wconf 84' lang='lat' dir='ltr'>perscrutari,</span> <span class='ocrx_word' id='word_1_87' title='bbox 672 2193 708 2250; x_wconf 92' lang='lat' dir='ltr'>et</span> <span class='ocrx_word' id='word_1_88' title='bbox 735 2190 775 2249; x_wconf 90' lang='lat' dir='ltr'>ut</span> <span class='ocrx_word' id='word_1_89' title='bbox 802 2183 939 2262; x_wconf 86' lang='lat' dir='ltr'>exinde,</span> <span class='ocrx_word' id='word_1_90' title='bbox 966 2180 1057 2271; x_wconf 90' lang='lat' dir='ltr'>qnod</span> <span class='ocrx_word' id='word_1_91' title='bbox 1087 2178 1238 2257; x_wconf 88' lang='lat' dir='ltr'>libuerit,</span> <span class='ocrx_word' id='word_1_92' title='bbox 1260 2176 1413 2271; x_wconf 83' lang='lat' dir='ltr'>colligas,</span> 
     </span>
     <span class='ocr_line' id='line_1_15' title="bbox 309 2292 1415 2388; baseline 0.004 -28"><span class='ocrx_word' id='word_1_93' title='bbox 309 2294 531 2364; x_wconf 88' lang='lat' dir='ltr'>intellectum</span> <span class='ocrx_word' id='word_1_94' title='bbox 567 2321 757 2388; x_wconf 89' lang='lat' dir='ltr'>curamque</span> <span class='ocrx_word' id='word_1_95' title='bbox 791 2320 976 2388; x_wconf 88' lang='lat' dir='ltr'>apponere,</span> <span class='ocrx_word' id='word_1_96' title='bbox 1013 2316 1082 2363; x_wconf 90' lang='lat' dir='ltr'>non</span> <span class='ocrx_word' id='word_1_97' title='bbox 1113 2292 1306 2384; x_wconf 82' lang='lat' dir='ltr'>vilipendas</span> <span class='ocrx_word' id='word_1_98' title='bbox 1336 2317 1415 2385; x_wconf 89' lang='lat' dir='ltr'>pre·</span> 
     </span>
     <span class='ocr_line' id='line_1_16' title="bbox 310 2409 1414 2503; baseline 0.004 -26"><span class='ocrx_word' id='word_1_99' title='bbox 310 2410 399 2479; x_wconf 88' lang='lat' dir='ltr'>tiosa</span> <span class='ocrx_word' id='word_1_100' title='bbox 417 2422 453 2479; x_wconf 90' lang='lat' dir='ltr'>et</span> <span class='ocrx_word' id='word_1_101' title='bbox 472 2412 572 2481; x_wconf 90' lang='lat' dir='ltr'>utilia</span> <span class='ocrx_word' id='word_1_102' title='bbox 589 2436 744 2503; x_wconf 76' lang='lat' dir='ltr'>quaque,</span> <span class='ocrx_word' id='word_1_103' title='bbox 760 2415 855 2503; x_wconf 84' lang='lat' dir='ltr'>quasi</span> <span class='ocrx_word' id='word_1_104' title='bbox 872 2436 914 2482; x_wconf 90' lang='lat' dir='ltr'>ea</span> <span class='ocrx_word' id='word_1_105' title='bbox 932 2412 996 2481; x_wconf 91' lang='lat' dir='ltr'>tibi</span> <span class='ocrx_word' id='word_1_106' title='bbox 1014 2421 1139 2503; x_wconf 89' lang='lat' dir='ltr'>sponte</span> <span class='ocrx_word' id='word_1_107' title='bbox 1156 2417 1219 2477; x_wconf 85' lang='lat' dir='ltr'>aut</span> <span class='ocrx_word' id='word_1_108' title='bbox 1237 2409 1414 2501; x_wconf 88' lang='lat' dir='ltr'>insperato</span> 
     </span>
     <span class='ocr_line' id='line_1_17' title="bbox 310 2525 1409 2618; baseline -0.001 -25"><span class='ocrx_word' id='word_1_109' title='bbox 310 2526 502 2595; x_wconf 89' lang='lat' dir='ltr'>domestica</span> <span class='ocrx_word' id='word_1_110' title='bbox 520 2537 612 2595; x_wconf 91' lang='lat' dir='ltr'>terra</span> <span class='ocrx_word' id='word_1_111' title='bbox 631 2529 856 2617; x_wconf 81' lang='lat' dir='ltr'>produxerit3</span> <span class='ocrx_word' id='word_1_112' title='bbox 883 2529 964 2618; x_wconf 91' lang='lat' dir='ltr'>quia</span> <span class='ocrx_word' id='word_1_113' title='bbox 981 2527 1111 2596; x_wconf 89' lang='lat' dir='ltr'>stultus</span> <span class='ocrx_word' id='word_1_114' title='bbox 1128 2525 1327 2617; x_wconf 82' lang='lat' dir='ltr'>negotiator</span> <span class='ocrx_word' id='word_1_115' title='bbox 1345 2533 1409 2605; x_wconf 89' lang='lat' dir='ltr'>est,</span> 
     </span>
     <span class='ocr_line' id='line_1_18' title="bbox 310 2640 1412 2734; baseline 0.001 -26"><span class='ocrx_word' id='word_1_116' title='bbox 310 2642 369 2730; x_wconf 92' lang='lat' dir='ltr'>qui</span> <span class='ocrx_word' id='word_1_117' title='bbox 401 2642 602 2709; x_wconf 88' lang='lat' dir='ltr'>thesaurum</span> <span class='ocrx_word' id='word_1_118' title='bbox 636 2643 755 2711; x_wconf 86' lang='lat' dir='ltr'>subito</span> <span class='ocrx_word' id='word_1_119' title='bbox 786 2644 877 2714; x_wconf 87' lang='lat' dir='ltr'>fossa</span> <span class='ocrx_word' id='word_1_120' title='bbox 907 2645 1015 2713; x_wconf 91' lang='lat' dir='ltr'>humo</span> <span class='ocrx_word' id='word_1_121' title='bbox 1046 2643 1225 2734; x_wconf 91' lang='lat' dir='ltr'>repererit,</span> <span class='ocrx_word' id='word_1_122' title='bbox 1252 2642 1280 2711; x_wconf 87' lang='lat' dir='ltr'>si</span> <span class='ocrx_word' id='word_1_123' title='bbox 1313 2640 1412 2709; x_wconf 92' lang='lat' dir='ltr'>illum</span> 
     </span>
     <span class='ocr_line' id='line_1_19' title="bbox 310 2756 1414 2851; baseline -0.002 -25"><span class='ocrx_word' id='word_1_124' title='bbox 310 2756 475 2847; x_wconf 86' lang='lat' dir='ltr'>colligere</span> <span class='ocrx_word' id='word_1_125' title='bbox 502 2768 538 2826; x_wconf 91' lang='lat' dir='ltr'>et</span> <span class='ocrx_word' id='word_1_126' title='bbox 565 2780 703 2826; x_wconf 89' lang='lat' dir='ltr'>servare</span> <span class='ocrx_word' id='word_1_127' title='bbox 732 2761 937 2851; x_wconf 85' lang='lat' dir='ltr'>neglexerit.</span> <span class='ocrx_word' id='word_1_128' title='bbox 991 2760 1094 2841; x_wconf 81' lang='lat' dir='ltr'>Quod</span> <span class='ocrx_word' id='word_1_129' title='bbox 1124 2759 1153 2828; x_wconf 91' lang='lat' dir='ltr'>si</span> <span class='ocrx_word' id='word_1_130' title='bbox 1181 2758 1246 2826; x_wconf 90' lang='lat' dir='ltr'>tibi</span> <span class='ocrx_word' id='word_1_131' title='bbox 1272 2758 1414 2826; x_wconf 80' lang='lat' dir='ltr'>arbusta</span> 
     </span>
     <span class='ocr_line' id='line_1_20' title="bbox 312 2872 1413 2968; baseline 0.002 -29"><span class='ocrx_word' id='word_1_132' title='bbox 312 2872 394 2940; x_wconf 89' lang='lat' dir='ltr'>vilia</span> <span class='ocrx_word' id='word_1_133' title='bbox 411 2872 596 2963; x_wconf 87' lang='lat' dir='ltr'>myrrham,</span> <span class='ocrx_word' id='word_1_134' title='bbox 617 2875 698 2944; x_wconf 90' lang='lat' dir='ltr'>thus</span> <span class='ocrx_word' id='word_1_135' title='bbox 722 2884 759 2944; x_wconf 91' lang='lat' dir='ltr'>et</span> <span class='ocrx_word' id='word_1_136' title='bbox 780 2877 934 2946; x_wconf 88' lang='lat' dir='ltr'>balsama</span> <span class='ocrx_word' id='word_1_137' title='bbox 955 2877 1199 2968; x_wconf 89' lang='lat' dir='ltr'>producerent,</span> <span class='ocrx_word' id='word_1_138' title='bbox 1217 2898 1279 2945; x_wconf 88' lang='lat' dir='ltr'>seu</span> <span class='ocrx_word' id='word_1_139' title='bbox 1298 2874 1413 2949; x_wconf 85' lang='lat' dir='ltr'>fontes</span> 
     </span>
     <span class='ocr_line' id='line_1_21' title="bbox 311 2988 1412 3084; baseline 0.001 -28"><span class='ocrx_word' id='word_1_140' title='bbox 311 2988 494 3057; x_wconf 88' lang='lat' dir='ltr'>domestici</span> <span class='ocrx_word' id='word_1_141' title='bbox 521 2988 648 3072; x_wconf 89' lang='lat' dir='ltr'>oleum,</span> <span class='ocrx_word' id='word_1_142' title='bbox 676 2991 729 3061; x_wconf 89' lang='lat' dir='ltr'>lac</span> <span class='ocrx_word' id='word_1_143' title='bbox 760 3002 797 3061; x_wconf 92' lang='lat' dir='ltr'>et</span> <span class='ocrx_word' id='word_1_144' title='bbox 823 2992 930 3062; x_wconf 91' lang='lat' dir='ltr'>mella</span> <span class='ocrx_word' id='word_1_145' title='bbox 958 2992 1220 3084; x_wconf 85' lang='lat' dir='ltr'>profunderent,</span> <span class='ocrx_word' id='word_1_146' title='bbox 1250 2992 1324 3060; x_wconf 83' lang='lat' dir='ltr'>sire</span> <span class='ocrx_word' id='word_1_147' title='bbox 1350 3013 1412 3082; x_wconf 91' lang='lat' dir='ltr'>pro</span> 
     </span>
     <span class='ocr_line' id='line_1_22' title="bbox 311 3105 1411 3200; baseline 0.003 -28"><span class='ocrx_word' id='word_1_148' title='bbox 311 3105 423 3173; x_wconf 87' lang='lat' dir='ltr'>urtica</span> <span class='ocrx_word' id='word_1_149' title='bbox 441 3114 477 3173; x_wconf 89' lang='lat' dir='ltr'>et</span> <span class='ocrx_word' id='word_1_150' title='bbox 496 3106 624 3174; x_wconf 88' lang='lat' dir='ltr'>carduo</span> <span class='ocrx_word' id='word_1_151' title='bbox 650 3110 855 3199; x_wconf 86' lang='lat' dir='ltr'>caeterisque</span> <span class='ocrx_word' id='word_1_152' title='bbox 882 3109 971 3177; x_wconf 91' lang='lat' dir='ltr'>horti</span> <span class='ocrx_word' id='word_1_153' title='bbox 999 3108 1213 3200; x_wconf 86' lang='lat' dir='ltr'>graminibus</span> <span class='ocrx_word' id='word_1_154' title='bbox 1229 3107 1358 3176; x_wconf 89' lang='lat' dir='ltr'>nardus</span> <span class='ocrx_word' id='word_1_155' title='bbox 1375 3116 1411 3175; x_wconf 92' lang='lat' dir='ltr'>et</span> 
     </span>
     <span class='ocr_line' id='line_1_23' title="bbox 311 3220 1410 3318; baseline 0.004 -31"><span class='ocrx_word' id='word_1_156' title='bbox 311 3220 428 3288; x_wconf 86' lang='lat' dir='ltr'>fistula</span> <span class='ocrx_word' id='word_1_157' title='bbox 471 3221 755 3315; x_wconf 86' lang='lat' dir='ltr'>diversorumque</span> <span class='ocrx_word' id='word_1_158' title='bbox 797 3248 966 3318; x_wconf 82' lang='lat' dir='ltr'>generum</span> <span class='ocrx_word' id='word_1_159' title='bbox 1010 3231 1168 3293; x_wconf 86' lang='lat' dir='ltr'>aromata</span> <span class='ocrx_word' id='word_1_160' title='bbox 1205 3235 1410 3301; x_wconf 86' lang='lat' dir='ltr'>crescerent,</span> 
     </span>
     <span class='ocr_line' id='line_1_24' title="bbox 310 3337 1411 3433; baseline 0.002 -29"><span class='ocrx_word' id='word_1_161' title='bbox 310 3337 481 3426; x_wconf 87' lang='lat' dir='ltr'>numquid</span> <span class='ocrx_word' id='word_1_162' title='bbox 507 3338 561 3406; x_wconf 90' lang='lat' dir='ltr'>his</span> <span class='ocrx_word' id='word_1_163' title='bbox 588 3343 800 3433; x_wconf 89' lang='lat' dir='ltr'>contemptis</span> <span class='ocrx_word' id='word_1_164' title='bbox 822 3351 989 3433; x_wconf 87' lang='lat' dir='ltr'>tanquam</span> <span class='ocrx_word' id='word_1_165' title='bbox 1007 3340 1133 3409; x_wconf 85' lang='lat' dir='ltr'>vilibus</span> <span class='ocrx_word' id='word_1_166' title='bbox 1157 3347 1194 3408; x_wconf 90' lang='lat' dir='ltr'>et</span> <span class='ocrx_word' id='word_1_167' title='bbox 1212 3338 1411 3407; x_wconf 88' lang='lat' dir='ltr'>domesticis</span> 
     </span>
     <span class='ocr_line' id='line_1_25' title="bbox 310 3453 1411 3544; baseline 0.001 -23"><span class='ocrx_word' id='word_1_168' title='bbox 310 3453 354 3522; x_wconf 84' lang='lat' dir='ltr'>ad</span> <span class='ocrx_word' id='word_1_169' title='bbox 381 3462 559 3536; x_wconf 86' lang='lat' dir='ltr'>extranea,</span> <span class='ocrx_word' id='word_1_170' title='bbox 587 3479 652 3525; x_wconf 90' lang='lat' dir='ltr'>nec</span> <span class='ocrx_word' id='word_1_171' title='bbox 678 3456 833 3538; x_wconf 87' lang='lat' dir='ltr'>meliora,</span> <span class='ocrx_word' id='word_1_172' title='bbox 860 3458 921 3527; x_wconf 88' lang='lat' dir='ltr'>sed</span> <span class='ocrx_word' id='word_1_173' title='bbox 953 3455 1106 3525; x_wconf 87' lang='lat' dir='ltr'>fortassis</span> <span class='ocrx_word' id='word_1_174' title='bbox 1126 3454 1247 3523; x_wconf 86' lang='lat' dir='ltr'>viliora</span> <span class='ocrx_word' id='word_1_175' title='bbox 1272 3477 1411 3544; x_wconf 88' lang='lat' dir='ltr'>compa-</span> 
     </span>
     <span class='ocr_line' id='line_1_26' title="bbox 310 3570 1410 3664; baseline 0 -26"><span class='ocrx_word' id='word_1_176' title='bbox 310 3570 417 3640; x_wconf 85' lang='lat' dir='ltr'>randa</span> <span class='ocrx_word' id='word_1_177' title='bbox 435 3572 599 3641; x_wconf 90' lang='lat' dir='ltr'>circuires</span> <span class='ocrx_word' id='word_1_178' title='bbox 626 3582 735 3643; x_wconf 86' lang='lat' dir='ltr'>terras</span> <span class='ocrx_word' id='word_1_179' title='bbox 753 3582 790 3642; x_wconf 90' lang='lat' dir='ltr'>et</span> <span class='ocrx_word' id='word_1_180' title='bbox 816 3572 952 3643; x_wconf 75' lang='lat' dir='ltr'>mares?</span> <span class='ocrx_word' id='word_1_181' title='bbox 979 3583 1016 3641; x_wconf 91' lang='lat' dir='ltr'>et</span> <span class='ocrx_word' id='word_1_182' title='bbox 1034 3572 1099 3639; x_wconf 90' lang='lat' dir='ltr'>hoc</span> <span class='ocrx_word' id='word_1_183' title='bbox 1119 3579 1155 3640; x_wconf 91' lang='lat' dir='ltr'>te</span> <span class='ocrx_word' id='word_1_184' title='bbox 1171 3571 1295 3661; x_wconf 88' lang='lat' dir='ltr'>judice</span> <span class='ocrx_word' id='word_1_185' title='bbox 1311 3594 1410 3664; x_wconf 88' lang='lat' dir='ltr'>gran·</span> 
     </span>
     <span class='ocr_line' id='line_1_27' title="bbox 311 3686 1409 3769; baseline 0.003 -15"><span class='ocrx_word' id='word_1_186' title='bbox 311 3686 364 3755; x_wconf 91' lang='lat' dir='ltr'>dis</span> <span class='ocrx_word' id='word_1_187' title='bbox 398 3687 490 3756; x_wconf 89' lang='lat' dir='ltr'>foret</span> <span class='ocrx_word' id='word_1_188' title='bbox 531 3688 693 3758; x_wconf 87' lang='lat' dir='ltr'>stultitia.</span> <span class='ocrx_word' id='word_1_189' title='bbox 746 3688 914 3769; x_wconf 81' lang='lat' dir='ltr'>Quamvis</span> <span class='ocrx_word' id='word_1_190' title='bbox 954 3689 1049 3758; x_wconf 91' lang='lat' dir='ltr'>enim</span> <span class='ocrx_word' id='word_1_191' title='bbox 1083 3687 1229 3757; x_wconf 84' lang='lat' dir='ltr'>soleant·</span> <span class='ocrx_word' id='word_1_192' title='bbox 1252 3687 1409 3757; x_wconf 90' lang='lat' dir='ltr'>homines</span> 
     </span>
     <span class='ocr_line' id='line_1_28' title="bbox 312 3804 1409 3896; baseline 0.005 -30"><span class='ocrx_word' id='word_1_193' title='bbox 312 3823 458 3890; x_wconf 80' lang='lat' dir='ltr'>quaque</span> <span class='ocrx_word' id='word_1_194' title='bbox 485 3805 639 3893; x_wconf 88' lang='lat' dir='ltr'>pretiosa</span> <span class='ocrx_word' id='word_1_195' title='bbox 663 3806 779 3875; x_wconf 92' lang='lat' dir='ltr'>multo</span> <span class='ocrx_word' id='word_1_196' title='bbox 805 3807 931 3877; x_wconf 87' lang='lat' dir='ltr'>sudore</span> <span class='ocrx_word' id='word_1_197' title='bbox 957 3804 1110 3895; x_wconf 84' lang='lat' dir='ltr'>quaesita,</span> <span class='ocrx_word' id='word_1_198' title='bbox 1136 3813 1409 3896; x_wconf 88' lang='lat' dir='ltr'>sumptuumque</span> 
     </span>
     <span class='ocr_line' id='line_1_29' title="bbox 311 3917 1409 4014; baseline 0.006 -33"><span class='ocrx_word' id='word_1_199' title='bbox 311 3917 564 3987; x_wconf 86' lang='lat' dir='ltr'>numerositate</span> <span class='ocrx_word' id='word_1_200' title='bbox 585 3931 795 4012; x_wconf 84' lang='lat' dir='ltr'>comparata,</span> <span class='ocrx_word' id='word_1_201' title='bbox 822 3923 935 4014; x_wconf 89' lang='lat' dir='ltr'>primo</span> <span class='ocrx_word' id='word_1_202' title='bbox 959 3921 1036 3990; x_wconf 91' lang='lat' dir='ltr'>loeo</span> <span class='ocrx_word' id='word_1_203' title='bbox 1060 3941 1238 4010; x_wconf 90' lang='lat' dir='ltr'>reponere,</span> <span class='ocrx_word' id='word_1_204' title='bbox 1259 3942 1409 3988; x_wconf 87' lang='lat' dir='ltr'>summa-</span> 
     </span>
     <span class='ocr_line' id='line_1_30' title="bbox 312 4033 1409 4127; baseline 0.007 -30"><span class='ocrx_word' id='word_1_205' title='bbox 312 4052 381 4121; x_wconf 90' lang='lat' dir='ltr'>que</span> <span class='ocrx_word' id='word_1_206' title='bbox 399 4033 490 4100; x_wconf 91' lang='lat' dir='ltr'>tueri</span> <span class='ocrx_word' id='word_1_207' title='bbox 509 4035 666 4105; x_wconf 88' lang='lat' dir='ltr'>cautela:</span> <span class='ocrx_word' id='word_1_208' title='bbox 691 4046 811 4106; x_wconf 90' lang='lat' dir='ltr'>tamen</span> <span class='ocrx_word' id='word_1_209' title='bbox 824 4039 852 4108; x_wconf 90' lang='lat' dir='ltr'>si</span> <span class='ocrx_word' id='word_1_210' title='bbox 871 4035 960 4107; x_wconf 72' lang='lat' dir='ltr'>forte</span> <span class='ocrx_word' id='word_1_211' title='bbox 977 4034 1153 4105; x_wconf 89' lang='lat' dir='ltr'>interdum</span> <span class='ocrx_word' id='word_1_212' title='bbox 1166 4034 1274 4127; x_wconf 85' lang='lat' dir='ltr'>gratis</span> <span class='ocrx_word' id='word_1_213' title='bbox 1292 4057 1409 4105; x_wconf 87' lang='lat' dir='ltr'>occur·</span> 
     </span>
     <span class='ocr_line' id='line_1_31' title="bbox 311 4146 1407 4246; baseline 0.004 -33"><span class='ocrx_word' id='word_1_214' title='bbox 311 4146 421 4213; x_wconf 90' lang='lat' dir='ltr'>rerint</span> <span class='ocrx_word' id='word_1_215' title='bbox 447 4158 509 4215; x_wconf 90' lang='lat' dir='ltr'>aut</span> <span class='ocrx_word' id='word_1_216' title='bbox 532 4148 758 4222; x_wconf 84' lang='lat' dir='ltr'>inveniantur</span> <span class='ocrx_word' id='word_1_217' title='bbox 775 4155 870 4246; x_wconf 87' lang='lat' dir='ltr'>paria</span> <span class='ocrx_word' id='word_1_218' title='bbox 887 4177 949 4223; x_wconf 88' lang='lat' dir='ltr'>seu</span> <span class='ocrx_word' id='word_1_219' title='bbox 973 4151 1127 4233; x_wconf 89' lang='lat' dir='ltr'>meliora,</span> <span class='ocrx_word' id='word_1_220' title='bbox 1151 4173 1221 4220; x_wconf 89' lang='lat' dir='ltr'>non</span> <span class='ocrx_word' id='word_1_221' title='bbox 1242 4149 1407 4229; x_wconf 85' lang='lat' dir='ltr'>dissimili,</span> 
     </span>
     <span class='ocr_line' id='line_1_32' title="bbox 310 4261 909 4353; baseline 0.01 -22"><span class='ocrx_word' id='word_1_222' title='bbox 310 4261 383 4331; x_wconf 90' lang='lat' dir='ltr'>imo</span> <span class='ocrx_word' id='word_1_223' title='bbox 401 4262 523 4353; x_wconf 87' lang='lat' dir='ltr'>majori</span> <span class='ocrx_word' id='word_1_224' title='bbox 541 4276 725 4336; x_wconf 87' lang='lat' dir='ltr'>servantur</span> <span class='ocrx_word' id='word_1_225' title='bbox 741 4270 909 4339; x_wconf 86' lang='lat' dir='ltr'>custodia.</span> 
     </span>
    </p>
   </div>
   <div class='ocr_carea' id='block_1_4' title="bbox 0 0 1576 5184">
    <p class='ocr_par' dir='ltr' id='par_1_4' title="bbox 0 0 1576 5184">
     <span class='ocr_line' id='line_1_33' title="bbox 0 0 1576 5184; baseline 0 0"><span class='ocrx_word' id='word_1_226' title='bbox 0 0 1576 5184; x_wconf 95' lang='lat' dir='ltr'> </span> 
     </span>
    </p>
   </div>
  </div>
 </body>
</html>
