<?xml version="1.0" encoding="UTF-8"?>
<!DOCTYPE html PUBLIC "-//W3C//DTD XHTML 1.0 Transitional//EN"
    "http://www.w3.org/TR/xhtml1/DTD/xhtml1-transitional.dtd">
<html xmlns="http://www.w3.org/1999/xhtml" xml:lang="en" lang="en">
 <head>
  <title>
</title>
<meta http-equiv="Content-Type" content="text/html;charset=utf-8" />
  <meta name='ocr-system' content='tesseract 3.04.00' />
  <meta name='ocr-capabilities' content='ocr_page ocr_carea ocr_par ocr_line ocrx_word'/>
</head>
<body>
  <div class='ocr_page' id='page_1' title='image "./theophiliquietr01hendgoog_0134.png"; bbox 0 0 3158 5168; ppageno 0'>
   <div class='ocr_carea' id='block_1_1' title="bbox 547 523 1255 591">
    <p class='ocr_par' dir='ltr' id='par_1_1' title="bbox 547 523 1255 591">
     <span class='ocr_line' id='line_1_1' title="bbox 547 523 1255 591; baseline -0.007 -2"><span class='ocrx_word' id='word_1_1' title='bbox 547 548 652 590; x_wconf 77' lang='lat' dir='ltr'><strong>uorsa</strong></span> <span class='ocrx_word' id='word_1_2' title='bbox 676 549 717 591; x_wconf 81' lang='lat' dir='ltr'><strong>ro</strong></span> <span class='ocrx_word' id='word_1_3' title='bbox 742 548 833 590; x_wconf 77' lang='lat' dir='ltr'><strong>soon</strong></span> <span class='ocrx_word' id='word_1_4' title='bbox 859 548 883 588; x_wconf 83' lang='lat' dir='ltr'><strong>t.</strong></span> <span class='ocrx_word' id='word_1_5' title='bbox 1214 523 1255 585; x_wconf 82' lang='lat'><strong>65</strong></span> 
     </span>
    </p>
   </div>
   <div class='ocr_carea' id='block_1_2' title="bbox 151 685 1301 3942">
    <p class='ocr_par' dir='ltr' id='par_1_2' title="bbox 151 685 1301 873">
     <span class='ocr_line' id='line_1_2' title="bbox 152 685 1301 777; baseline -0.001 -21"><span class='ocrx_word' id='word_1_6' title='bbox 152 710 223 757; x_wconf 87' lang='lat' dir='ltr'><strong>note</strong></span> <span class='ocrx_word' id='word_1_7' title='bbox 237 697 390 766; x_wconf 82' lang='lat' dir='ltr'><strong>sandarsc,</strong></span> <span class='ocrx_word' id='word_1_8' title='bbox 405 699 455 757; x_wconf 86' lang='lat' dir='ltr'><strong>the</strong></span> <span class='ocrx_word' id='word_1_9' title='bbox 476 699 611 777; x_wconf 88' lang='lat' dir='ltr'><strong>problem</strong></span> <span class='ocrx_word' id='word_1_10' title='bbox 630 702 653 758; x_wconf 92' lang='lat' dir='ltr'><strong>is</strong></span> <span class='ocrx_word' id='word_1_11' title='bbox 674 699 777 757; x_wconf 89' lang='lat' dir='ltr'><strong>solved</strong></span> <span class='ocrx_word' id='word_1_12' title='bbox 798 698 855 757; x_wconf 88' lang='lat' dir='ltr'><strong>and</strong></span> <span class='ocrx_word' id='word_1_13' title='bbox 870 698 918 756; x_wconf 90' lang='lat' dir='ltr'><strong>the</strong></span> <span class='ocrx_word' id='word_1_14' title='bbox 940 689 1136 775; x_wconf 84' lang='lat' dir='ltr'><strong>composition</strong></span> <span class='ocrx_word' id='word_1_15' title='bbox 1150 697 1186 754; x_wconf 87' lang='lat' dir='ltr'><strong>of</strong></span> <span class='ocrx_word' id='word_1_16' title='bbox 1207 697 1256 755; x_wconf 88' lang='lat' dir='ltr'><strong>the</strong></span> <span class='ocrx_word' id='word_1_17' title='bbox 1300 685 1301 689; x_wconf 6' lang='grc' dir='ltr'>ἵ</span> 
     </span>
     <span class='ocr_line' id='line_1_3' title="bbox 151 793 1143 873; baseline 0 -22"><span class='ocrx_word' id='word_1_18' title='bbox 151 793 273 852; x_wconf 81' lang='lat' dir='ltr'><strong>varnish</strong></span> <span class='ocrx_word' id='word_1_19' title='bbox 288 794 318 852; x_wconf 92' lang='lat' dir='ltr'><strong>in</strong></span> <span class='ocrx_word' id='word_1_20' title='bbox 332 814 384 852; x_wconf 89' lang='lat' dir='ltr'><strong>use</strong></span> <span class='ocrx_word' id='word_1_21' title='bbox 399 808 430 852; x_wconf 87' lang='lat' dir='ltr'><strong>at</strong></span> <span class='ocrx_word' id='word_1_22' title='bbox 444 795 503 853; x_wconf 90' lang='lat' dir='ltr'><strong>this</strong></span> <span class='ocrx_word' id='word_1_23' title='bbox 516 795 597 871; x_wconf 86' lang='lat' dir='ltr'><strong>carly</strong></span> <span class='ocrx_word' id='word_1_24' title='bbox 612 795 715 873; x_wconf 84' lang='lat' dir='ltr'><strong>period</strong></span> <span class='ocrx_word' id='word_1_25' title='bbox 730 794 767 852; x_wconf 81' lang='lat' dir='ltr'><strong>of</strong></span> <span class='ocrx_word' id='word_1_26' title='bbox 777 795 825 852; x_wconf 88' lang='lat' dir='ltr'><strong>the</strong></span> <span class='ocrx_word' id='word_1_27' title='bbox 839 811 900 852; x_wconf 91' lang='lat' dir='ltr'><strong>arts</strong></span> <span class='ocrx_word' id='word_1_28' title='bbox 914 793 1000 852; x_wconf 84' lang='lat' dir='ltr'><strong>made</strong></span> <span class='ocrx_word' id='word_1_29' title='bbox 1014 795 1143 852; x_wconf 90' lang='lat' dir='ltr'><strong>evident.</strong></span> 
     </span>
    </p>

    <p class='ocr_par' dir='ltr' id='par_1_3' title="bbox 152 888 1255 1064">
     <span class='ocr_line' id='line_1_4' title="bbox 194 888 1255 968; baseline -0.001 -22"><span class='ocrx_word' id='word_1_30' title='bbox 194 888 319 947; x_wconf 86' lang='lat' dir='ltr'><strong>Tacitus</strong></span> <span class='ocrx_word' id='word_1_31' title='bbox 333 889 431 949; x_wconf 86' lang='lat' dir='ltr'><strong>shows</strong></span> <span class='ocrx_word' id='word_1_32' title='bbox 447 891 511 949; x_wconf 88' lang='lat' dir='ltr'><strong>that</strong></span> <span class='ocrx_word' id='word_1_33' title='bbox 523 890 575 949; x_wconf 89' lang='lat' dir='ltr'><strong>the</strong></span> <span class='ocrx_word' id='word_1_34' title='bbox 591 890 672 949; x_wconf 86' lang='lat' dir='ltr'><strong>word</strong></span> <span class='ocrx_word' id='word_1_35' title='bbox 691 898 709 925; x_wconf 86' lang='lat'>“</span> <span class='ocrx_word' id='word_1_36' title='bbox 719 889 821 959; x_wconf 89' lang='lat' dir='ltr'><strong>Glas,”</strong></span> <span class='ocrx_word' id='word_1_37' title='bbox 835 891 923 968; x_wconf 84' lang='lat' dir='ltr'>given</span> <span class='ocrx_word' id='word_1_38' title='bbox 945 892 984 968; x_wconf 87' lang='lat' dir='ltr'><strong>by</strong></span> <span class='ocrx_word' id='word_1_39' title='bbox 998 891 1047 948; x_wconf 87' lang='lat' dir='ltr'><strong>the</strong></span> <span class='ocrx_word' id='word_1_40' title='bbox 1061 888 1208 949; x_wconf 79' lang='lat' dir='ltr'><strong>Germana</strong></span> <span class='ocrx_word' id='word_1_41' title='bbox 1224 902 1255 945; x_wconf 91' lang='lat' dir='ltr'><strong>to</strong></span> 
     </span>
     <span class='ocr_line' id='line_1_5' title="bbox 152 985 1122 1064; baseline 0.001 -23"><span class='ocrx_word' id='word_1_42' title='bbox 152 986 256 1043; x_wconf 85' lang='lat' dir='ltr'><strong>amber</strong></span> <span class='ocrx_word' id='word_1_43' title='bbox 271 1004 309 1043; x_wconf 90' lang='lat' dir='ltr'><strong>on</strong></span> <span class='ocrx_word' id='word_1_44' title='bbox 323 998 449 1044; x_wconf 83' lang='lat' dir='ltr'>account</span> <span class='ocrx_word' id='word_1_45' title='bbox 463 985 499 1044; x_wconf 83' lang='lat' dir='ltr'><strong>oi</strong></span> <span class='ocrx_word' id='word_1_46' title='bbox 508 987 546 1043; x_wconf 90' lang='lat' dir='ltr'><strong>its</strong></span> <span class='ocrx_word' id='word_1_47' title='bbox 561 999 783 1064; x_wconf 82' lang='lat' dir='ltr'><strong>transparency,</strong></span> <span class='ocrx_word' id='word_1_48' title='bbox 799 987 941 1045; x_wconf 89' lang='lat' dir='ltr'><strong>hasbeen</strong></span> <span class='ocrx_word' id='word_1_49' title='bbox 956 985 1122 1044; x_wconf 82' lang='lat' dir='ltr'><strong>Latiniced.</strong></span> 
     </span>
    </p>

    <p class='ocr_par' dir='ltr' id='par_1_4' title="bbox 151 1079 1257 1543">
     <span class='ocr_line' id='line_1_6' title="bbox 194 1079 1255 1159; baseline 0.001 -21"><span class='ocrx_word' id='word_1_50' title='bbox 194 1079 329 1150; x_wconf 76' lang='lat' dir='ltr'>Tacitus,</span> <span class='ocrx_word' id='word_1_51' title='bbox 356 1081 392 1139; x_wconf 84' lang='lat' dir='ltr'><strong>tle</strong></span> <span class='ocrx_word' id='word_1_52' title='bbox 415 1080 606 1150; x_wconf 80' lang='lat' dir='ltr'><strong>Germanicia,</strong></span> <span class='ocrx_word' id='word_1_53' title='bbox 621 1103 646 1140; x_wconf 87' lang='lat' dir='ltr'><strong>c.</strong></span> <span class='ocrx_word' id='word_1_54' title='bbox 671 1088 718 1151; x_wconf 80' lang='lat'><strong>45,</strong></span> <span class='ocrx_word' id='word_1_55' title='bbox 748 1084 845 1141; x_wconf 79' lang='lat' dir='ltr'><strong>writes</strong></span> <span class='ocrx_word' id='word_1_56' title='bbox 869 1084 905 1140; x_wconf 85' lang='lat' dir='ltr'><strong>of</strong></span> <span class='ocrx_word' id='word_1_57' title='bbox 923 1084 1035 1150; x_wconf 87' lang='lat' dir='ltr'><strong>amber,</strong></span> <span class='ocrx_word' id='word_1_58' title='bbox 1060 1080 1171 1159; x_wconf 87' lang='lat' dir='ltr'><strong>“quod</strong></span> <span class='ocrx_word' id='word_1_59' title='bbox 1199 1082 1255 1157; x_wconf 91' lang='lat' dir='ltr'><strong>ipsi</strong></span> 
     </span>
     <span class='ocr_line' id='line_1_7' title="bbox 153 1176 1257 1254; baseline -0.003 -19"><span class='ocrx_word' id='word_1_60' title='bbox 153 1176 296 1236; x_wconf 88' lang='lat' dir='ltr'><strong>Glessum</strong></span> <span class='ocrx_word' id='word_1_61' title='bbox 312 1179 449 1245; x_wconf 86' lang='lat' dir='ltr'><strong>vocant‚”</strong></span> <span class='ocrx_word' id='word_1_62' title='bbox 469 1178 528 1236; x_wconf 89' lang='lat' dir='ltr'><strong>and</strong></span> <span class='ocrx_word' id='word_1_63' title='bbox 541 1178 760 1237; x_wconf 78' lang='lat' dir='ltr'><strong>elsewhere-“</strong></span> <span class='ocrx_word' id='word_1_64' title='bbox 770 1178 860 1249; x_wconf 88' lang='lat' dir='ltr'><strong>Quod</strong></span> <span class='ocrx_word' id='word_1_65' title='bbox 875 1176 1015 1236; x_wconf 78' lang='lat' dir='ltr'>Germani</span> <span class='ocrx_word' id='word_1_66' title='bbox 1036 1177 1100 1254; x_wconf 86' lang='lat' dir='ltr'><strong>glas</strong></span> <span class='ocrx_word' id='word_1_67' title='bbox 1120 1177 1257 1245; x_wconf 88' lang='lat' dir='ltr'><strong>vocant,”</strong></span> 
     </span>
     <span class='ocr_line' id='line_1_8' title="bbox 151 1272 1256 1351; baseline -0.001 -21"><span class='ocrx_word' id='word_1_68' title='bbox 151 1272 311 1351; x_wconf 81' lang='lat' dir='ltr'>probably,</span> <span class='ocrx_word' id='word_1_69' title='bbox 327 1281 344 1307; x_wconf 88' lang='lat'><strong>¹‘</strong></span> <span class='ocrx_word' id='word_1_70' title='bbox 355 1294 372 1331; x_wconf 94' lang='lat' dir='ltr'><strong>a</strong></span> <span class='ocrx_word' id='word_1_71' title='bbox 382 1273 574 1332; x_wconf 79' lang='lat' dir='ltr'><strong>similitudine</strong></span> <span class='ocrx_word' id='word_1_72' title='bbox 588 1275 669 1332; x_wconf 89' lang='lat' dir='ltr'><strong>vitri:</strong></span> <span class='ocrx_word' id='word_1_73' title='bbox 679 1276 695 1299; x_wconf 85' lang='lat'><strong>&#39;&#39;</strong></span> <span class='ocrx_word' id='word_1_74' title='bbox 710 1275 768 1332; x_wconf 88' lang='lat' dir='ltr'><strong>and</strong></span> <span class='ocrx_word' id='word_1_75' title='bbox 779 1273 932 1333; x_wconf 86' lang='lat' dir='ltr'><strong>doubtless</strong></span> <span class='ocrx_word' id='word_1_76' title='bbox 948 1274 996 1332; x_wconf 86' lang='lat' dir='ltr'><strong>the</strong></span> <span class='ocrx_word' id='word_1_77' title='bbox 1010 1293 1090 1332; x_wconf 89' lang='lat' dir='ltr'><strong>same</strong></span> <span class='ocrx_word' id='word_1_78' title='bbox 1103 1292 1256 1350; x_wconf 88' lang='lat' dir='ltr'><strong>compara·</strong></span> 
     </span>
     <span class='ocr_line' id='line_1_9' title="bbox 151 1368 1256 1447; baseline -0.003 -20"><span class='ocrx_word' id='word_1_79' title='bbox 151 1370 214 1427; x_wconf 77' lang='lat' dir='ltr'><strong>tire</strong></span> <span class='ocrx_word' id='word_1_80' title='bbox 227 1368 447 1428; x_wconf 82' lang='lat' dir='ltr'><strong>nomenclatore</strong></span> <span class='ocrx_word' id='word_1_81' title='bbox 463 1370 561 1428; x_wconf 80' lang='lat' dir='ltr'>would</span> <span class='ocrx_word' id='word_1_82' title='bbox 579 1372 616 1428; x_wconf 88' lang='lat' dir='ltr'><strong>be</strong></span> <span class='ocrx_word' id='word_1_83' title='bbox 639 1370 709 1429; x_wconf 86' lang='lat' dir='ltr'><strong>used</strong></span> <span class='ocrx_word' id='word_1_84' title='bbox 724 1371 770 1429; x_wconf 85' lang='lat' dir='ltr'><strong>for</strong></span> <span class='ocrx_word' id='word_1_85' title='bbox 784 1370 867 1428; x_wconf 80' lang='lat' dir='ltr'><strong>other</strong></span> <span class='ocrx_word' id='word_1_86' title='bbox 882 1370 996 1447; x_wconf 89' lang='lat' dir='ltr'><strong>species</strong></span> <span class='ocrx_word' id='word_1_87' title='bbox 1017 1368 1053 1427; x_wconf 85' lang='lat' dir='ltr'><strong>of</strong></span> <span class='ocrx_word' id='word_1_88' title='bbox 1070 1381 1256 1445; x_wconf 86' lang='lat' dir='ltr'><strong>transpareot</strong></span> 
     </span>
     <span class='ocr_line' id='line_1_10' title="bbox 153 1464 962 1543; baseline 0 -20"><span class='ocrx_word' id='word_1_89' title='bbox 153 1466 257 1534; x_wconf 85' lang='lat' dir='ltr'><strong>resins,</strong></span> <span class='ocrx_word' id='word_1_90' title='bbox 273 1464 323 1523; x_wconf 86' lang='lat' dir='ltr'><strong>the</strong></span> <span class='ocrx_word' id='word_1_91' title='bbox 337 1465 418 1523; x_wconf 85' lang='lat' dir='ltr'><strong>word</strong></span> <span class='ocrx_word' id='word_1_92' title='bbox 432 1465 541 1543; x_wconf 81' lang='lat' dir='ltr'><strong>having</strong></span> <span class='ocrx_word' id='word_1_93' title='bbox 556 1486 629 1524; x_wconf 88' lang='lat' dir='ltr'><strong>once</strong></span> <span class='ocrx_word' id='word_1_94' title='bbox 642 1468 763 1525; x_wconf 83' lang='lat' dir='ltr'><strong>become</strong></span> <span class='ocrx_word' id='word_1_95' title='bbox 778 1465 933 1524; x_wconf 83' lang='lat' dir='ltr'><strong>Latinized</strong></span> <span class='ocrx_word' id='word_1_96' title='bbox 942 1464 962 1523; x_wconf 90' lang='lat'><strong>¹.</strong></span> 
     </span>
    </p>

    <p class='ocr_par' dir='ltr' id='par_1_5' title="bbox 152 1559 1255 1926">
     <span class='ocr_line' id='line_1_11' title="bbox 194 1559 1254 1638; baseline -0.001 -20"><span class='ocrx_word' id='word_1_97' title='bbox 194 1561 283 1619; x_wconf 86' lang='lat' dir='ltr'><strong>Some</strong></span> <span class='ocrx_word' id='word_1_98' title='bbox 296 1560 397 1620; x_wconf 83' lang='lat' dir='ltr'>Greek</span> <span class='ocrx_word' id='word_1_99' title='bbox 411 1561 469 1621; x_wconf 92' lang='lat' dir='ltr'><strong>and</strong></span> <span class='ocrx_word' id='word_1_100' title='bbox 485 1561 566 1620; x_wconf 86' lang='lat' dir='ltr'><strong>Arah</strong></span> <span class='ocrx_word' id='word_1_101' title='bbox 577 1562 707 1631; x_wconf 86' lang='lat' dir='ltr'><strong>authors,</strong></span> <span class='ocrx_word' id='word_1_102' title='bbox 722 1561 945 1638; x_wconf 87' lang='lat' dir='ltr'><strong>consequently,</strong></span> <span class='ocrx_word' id='word_1_103' title='bbox 958 1580 1045 1638; x_wconf 85' lang='lat' dir='ltr'><strong>many</strong></span> <span class='ocrx_word' id='word_1_104' title='bbox 1055 1560 1091 1619; x_wconf 81' lang='lat' dir='ltr'><strong>os</strong></span> <span class='ocrx_word' id='word_1_105' title='bbox 1100 1560 1148 1619; x_wconf 88' lang='lat' dir='ltr'><strong>the</strong></span> <span class='ocrx_word' id='word_1_106' title='bbox 1163 1559 1254 1619; x_wconf 88' lang='lat' dir='ltr'><strong>medi-</strong></span> 
     </span>
     <span class='ocr_line' id='line_1_12' title="bbox 153 1655 1255 1733; baseline -0.003 -17"><span class='ocrx_word' id='word_1_107' title='bbox 153 1657 230 1716; x_wconf 81' lang='lat' dir='ltr'><strong>aevsl</strong></span> <span class='ocrx_word' id='word_1_108' title='bbox 245 1658 370 1724; x_wconf 85' lang='lat' dir='ltr'><strong>writers,</strong></span> <span class='ocrx_word' id='word_1_109' title='bbox 386 1661 458 1715; x_wconf 82' lang='lat' dir='ltr'><strong>have</strong></span> <span class='ocrx_word' id='word_1_110' title='bbox 473 1657 663 1717; x_wconf 86' lang='lat' dir='ltr'><strong>consounded</strong></span> <span class='ocrx_word' id='word_1_111' title='bbox 676 1658 726 1716; x_wconf 90' lang='lat' dir='ltr'><strong>the</strong></span> <span class='ocrx_word' id='word_1_112' title='bbox 740 1658 862 1726; x_wconf 88' lang='lat' dir='ltr'><strong>Amber,</strong></span> <span class='ocrx_word' id='word_1_113' title='bbox 879 1658 1029 1716; x_wconf 84' lang='lat' dir='ltr'><strong>Sandarac</strong></span> <span class='ocrx_word' id='word_1_114' title='bbox 1050 1656 1108 1715; x_wconf 89' lang='lat' dir='ltr'><strong>and</strong></span> <span class='ocrx_word' id='word_1_115' title='bbox 1127 1655 1148 1713; x_wconf 90' lang='lat' dir='ltr'>J</span> <span class='ocrx_word' id='word_1_116' title='bbox 1152 1658 1255 1733; x_wconf 89' lang='lat' dir='ltr'><strong>uniper</strong></span> 
     </span>
     <span class='ocr_line' id='line_1_13' title="bbox 152 1752 1255 1831; baseline -0.001 -20"><span class='ocrx_word' id='word_1_117' title='bbox 152 1755 250 1813; x_wconf 85' lang='lat' dir='ltr'><strong>resins</strong></span> <span class='ocrx_word' id='word_1_118' title='bbox 264 1755 397 1831; x_wconf 84' lang='lat' dir='ltr'><strong>together</strong></span> <span class='ocrx_word' id='word_1_119' title='bbox 409 1776 416 1823; x_wconf 83' lang='lat'>3</span> <span class='ocrx_word' id='word_1_120' title='bbox 434 1754 483 1812; x_wconf 87' lang='lat' dir='ltr'><strong>the</strong></span> <span class='ocrx_word' id='word_1_121' title='bbox 495 1766 552 1812; x_wconf 85' lang='lat' dir='ltr'><strong>two</strong></span> <span class='ocrx_word' id='word_1_122' title='bbox 562 1753 650 1813; x_wconf 87' lang='lat' dir='ltr'><strong>latter</strong></span> <span class='ocrx_word' id='word_1_123' title='bbox 664 1774 724 1825; x_wconf 90' lang='lat' dir='ltr'><strong>are,</strong></span> <span class='ocrx_word' id='word_1_124' title='bbox 735 1774 808 1811; x_wconf 86' lang='lat' dir='ltr'><strong>even</strong></span> <span class='ocrx_word' id='word_1_125' title='bbox 823 1768 852 1811; x_wconf 90' lang='lat' dir='ltr'><strong>at</strong></span> <span class='ocrx_word' id='word_1_126' title='bbox 863 1754 919 1812; x_wconf 88' lang='lat' dir='ltr'><strong>this</strong></span> <span class='ocrx_word' id='word_1_127' title='bbox 932 1753 999 1830; x_wconf 88' lang='lat' dir='ltr'><strong>day,</strong></span> <span class='ocrx_word' id='word_1_128' title='bbox 1014 1753 1095 1812; x_wconf 79' lang='lat' dir='ltr'><strong>osten</strong></span> <span class='ocrx_word' id='word_1_129' title='bbox 1110 1752 1255 1811; x_wconf 85' lang='lat' dir='ltr'><strong>mistaken</strong></span> 
     </span>
     <span class='ocr_line' id='line_1_14' title="bbox 154 1848 865 1926; baseline -0.006 -19"><span class='ocrx_word' id='word_1_130' title='bbox 154 1849 202 1908; x_wconf 87' lang='lat' dir='ltr'><strong>sor</strong></span> <span class='ocrx_word' id='word_1_131' title='bbox 216 1850 290 1909; x_wconf 88' lang='lat' dir='ltr'><strong>each</strong></span> <span class='ocrx_word' id='word_1_132' title='bbox 304 1851 398 1919; x_wconf 91' lang='lat' dir='ltr'><strong>other,</strong></span> <span class='ocrx_word' id='word_1_133' title='bbox 414 1871 448 1908; x_wconf 92' lang='lat' dir='ltr'><strong>or</strong></span> <span class='ocrx_word' id='word_1_134' title='bbox 463 1848 724 1926; x_wconf 89' lang='lat' dir='ltr'><strong>indiscriminately</strong></span> <span class='ocrx_word' id='word_1_135' title='bbox 739 1850 865 1908; x_wconf 90' lang='lat' dir='ltr'><strong>noticed.</strong></span> 
     </span>
    </p>

    <p class='ocr_par' dir='ltr' id='par_1_6' title="bbox 152 1943 1263 2888">
     <span class='ocr_line' id='line_1_15' title="bbox 195 1943 1256 2023; baseline -0.004 -17"><span class='ocrx_word' id='word_1_136' title='bbox 195 1946 331 2023; x_wconf 78' lang='lat' dir='ltr'><strong>Serapio,</strong></span> <span class='ocrx_word' id='word_1_137' title='bbox 352 1944 389 2003; x_wconf 85' lang='lat' dir='ltr'><strong>de</strong></span> <span class='ocrx_word' id='word_1_138' title='bbox 414 1946 653 2023; x_wconf 87' lang='lat' dir='ltr'><strong>temperamentis</strong></span> <span class='ocrx_word' id='word_1_139' title='bbox 664 1943 685 2015; x_wconf 78' lang='lat'><strong>²,</strong></span> <span class='ocrx_word' id='word_1_140' title='bbox 717 1966 742 2003; x_wconf 89' lang='lat' dir='ltr'><strong>c.</strong></span> <span class='ocrx_word' id='word_1_141' title='bbox 769 1949 837 2014; x_wconf 79' lang='lat'><strong>266,</strong></span> <span class='ocrx_word' id='word_1_142' title='bbox 864 1966 893 2022; x_wconf 86' lang='lat' dir='ltr'><strong>p.</strong></span> <span class='ocrx_word' id='word_1_143' title='bbox 919 1951 984 2014; x_wconf 76' lang='grc'>163,</span> <span class='ocrx_word' id='word_1_144' title='bbox 1010 1946 1118 2013; x_wconf 85' lang='lat' dir='ltr'><strong>writes,</strong></span> <span class='ocrx_word' id='word_1_145' title='bbox 1143 1966 1181 2003; x_wconf 95' lang='lat' dir='ltr'><strong>on</strong></span> <span class='ocrx_word' id='word_1_146' title='bbox 1207 1945 1256 2002; x_wconf 87' lang='lat' dir='ltr'><strong>the</strong></span> 
     </span>
     <span class='ocr_line' id='line_1_16' title="bbox 152 2039 1255 2117; baseline -0.005 -16"><span class='ocrx_word' id='word_1_147' title='bbox 152 2043 308 2117; x_wconf 78' lang='lat' dir='ltr'><strong>authority</strong></span> <span class='ocrx_word' id='word_1_148' title='bbox 330 2042 366 2099; x_wconf 88' lang='lat' dir='ltr'><strong>of</strong></span> <span class='ocrx_word' id='word_1_149' title='bbox 381 2039 486 2108; x_wconf 85' lang='lat' dir='ltr'><strong>Galen,</strong></span> <span class='ocrx_word' id='word_1_150' title='bbox 508 2040 582 2098; x_wconf 85' lang='lat' dir='ltr'><strong>“De</strong></span> <span class='ocrx_word' id='word_1_151' title='bbox 605 2040 723 2099; x_wconf 88' lang='lat' dir='ltr'><strong>Karabe</strong></span> <span class='ocrx_word' id='word_1_152' title='bbox 747 2042 795 2099; x_wconf 84' lang='lat' dir='ltr'><strong>vel</strong></span> <span class='ocrx_word' id='word_1_153' title='bbox 814 2041 998 2110; x_wconf 84' lang='lat' dir='ltr'><strong>Ka-krabe,&#39;’</strong></span> <span class='ocrx_word' id='word_1_154' title='bbox 1026 2039 1142 2098; x_wconf 85' lang='lat' dir='ltr'><strong>“Haur</strong></span> <span class='ocrx_word' id='word_1_155' title='bbox 1157 2039 1255 2107; x_wconf 87' lang='lat' dir='ltr'><strong>Romi,</strong></span> 
     </span>
     <span class='ocr_line' id='line_1_17' title="bbox 152 2132 1256 2212; baseline -0.007 -16"><span class='ocrx_word' id='word_1_156' title='bbox 152 2138 245 2196; x_wconf 87' lang='lat' dir='ltr'><strong>idest</strong></span> <span class='ocrx_word' id='word_1_157' title='bbox 266 2137 433 2206; x_wconf 83' lang='lat' dir='ltr'><strong>Karabe;&#39;’</strong></span> <span class='ocrx_word' id='word_1_158' title='bbox 455 2136 513 2193; x_wconf 92' lang='lat' dir='ltr'><strong>and</strong></span> <span class='ocrx_word' id='word_1_159' title='bbox 534 2137 570 2193; x_wconf 91' lang='lat' dir='ltr'><strong>of</strong></span> <span class='ocrx_word' id='word_1_160' title='bbox 592 2136 795 2204; x_wconf 85' lang='lat' dir='ltr'><strong>Dioscorides,</strong></span> <span class='ocrx_word' id='word_1_161' title='bbox 818 2136 888 2192; x_wconf 88' lang='lat' dir='ltr'><strong>“Et</strong></span> <span class='ocrx_word' id='word_1_162' title='bbox 908 2137 1015 2194; x_wconf 85' lang='lat' dir='ltr'><strong>dicitur</strong></span> <span class='ocrx_word' id='word_1_163' title='bbox 1041 2133 1122 2212; x_wconf 91' lang='lat' dir='ltr'><strong>quod</strong></span> <span class='ocrx_word' id='word_1_164' title='bbox 1144 2132 1256 2210; x_wconf 86' lang='lat' dir='ltr'><strong>gummi</strong></span> 
     </span>
     <span class='ocr_line' id='line_1_18' title="bbox 153 2228 1256 2310; baseline -0.008 -16"><span class='ocrx_word' id='word_1_165' title='bbox 153 2237 228 2294; x_wconf 89' lang='lat' dir='ltr'><strong>haur</strong></span> <span class='ocrx_word' id='word_1_166' title='bbox 244 2234 341 2301; x_wconf 88' lang='lat' dir='ltr'><strong>Romi,</strong></span> <span class='ocrx_word' id='word_1_167' title='bbox 355 2231 436 2310; x_wconf 89' lang='lat' dir='ltr'><strong>quod</strong></span> <span class='ocrx_word' id='word_1_168' title='bbox 450 2233 580 2289; x_wconf 89' lang='lat' dir='ltr'><strong>nascitur</strong></span> <span class='ocrx_word' id='word_1_169' title='bbox 596 2231 686 2309; x_wconf 84' lang='lat' dir='ltr'><strong>juxta</strong></span> <span class='ocrx_word' id='word_1_170' title='bbox 699 2230 822 2290; x_wconf 89' lang='lat' dir='ltr'><strong>fluvium</strong></span> <span class='ocrx_word' id='word_1_171' title='bbox 845 2232 925 2308; x_wconf 90' lang='lat' dir='ltr'><strong>quod</strong></span> <span class='ocrx_word' id='word_1_172' title='bbox 946 2231 1053 2289; x_wconf 89' lang='lat' dir='ltr'><strong>dicitur</strong></span> <span class='ocrx_word' id='word_1_173' title='bbox 1068 2228 1256 2296; x_wconf 88' lang='lat' dir='ltr'><strong>Rhodanum,</strong></span> 
     </span>
     <span class='ocr_line' id='line_1_19' title="bbox 153 2325 1263 2407; baseline -0.005 -19"><span class='ocrx_word' id='word_1_174' title='bbox 153 2330 238 2407; x_wconf 91' lang='lat' dir='ltr'><strong>quod</strong></span> <span class='ocrx_word' id='word_1_175' title='bbox 251 2327 410 2388; x_wconf 79' lang='lat' dir='ltr'><strong>distillatur</strong></span> <span class='ocrx_word' id='word_1_176' title='bbox 424 2328 453 2385; x_wconf 95' lang='lat' dir='ltr'><strong>in</strong></span> <span class='ocrx_word' id='word_1_177' title='bbox 475 2327 595 2385; x_wconf 88' lang='lat' dir='ltr'><strong>flumine</strong></span> <span class='ocrx_word' id='word_1_178' title='bbox 609 2326 670 2397; x_wconf 91' lang='lat' dir='ltr'><strong>illo,</strong></span> <span class='ocrx_word' id='word_1_179' title='bbox 685 2328 855 2405; x_wconf 83' lang='lat' dir='ltr'><strong>congelatur</strong></span> <span class='ocrx_word' id='word_1_180' title='bbox 876 2326 945 2394; x_wconf 91' lang='lat' dir='ltr'><strong>ibi,&#39;&#39;</strong></span> <span class='ocrx_word' id='word_1_181' title='bbox 970 2326 1036 2390; x_wconf 69' lang='lat' dir='ltr'><strong>dcc„</strong></span> <span class='ocrx_word' id='word_1_182' title='bbox 1051 2325 1124 2392; x_wconf 83' lang='lat' dir='ltr'><strong>&amp;c.;</strong></span> <span class='ocrx_word' id='word_1_183' title='bbox 1147 2325 1205 2382; x_wconf 93' lang='lat' dir='ltr'><strong>aud</strong></span> <span class='ocrx_word' id='word_1_184' title='bbox 1226 2325 1263 2382; x_wconf 81' lang='lat' dir='ltr'><strong>of</strong></span> 
     </span>
     <span class='ocr_line' id='line_1_20' title="bbox 154 2420 1258 2502; baseline -0.008 -17"><span class='ocrx_word' id='word_1_185' title='bbox 154 2426 268 2485; x_wconf 89' lang='lat' dir='ltr'><strong>Paulus</strong></span> <span class='ocrx_word' id='word_1_186' title='bbox 292 2426 427 2502; x_wconf 79' lang='lat' dir='ltr'><strong>Agineta,</strong></span> <span class='ocrx_word' id='word_1_187' title='bbox 449 2430 466 2457; x_wconf 88' lang='lat'><strong>‘⁴</strong></span> <span class='ocrx_word' id='word_1_188' title='bbox 476 2423 594 2482; x_wconf 87' lang='lat' dir='ltr'><strong>Karabe</strong></span> <span class='ocrx_word' id='word_1_189' title='bbox 614 2434 660 2481; x_wconf 89' lang='lat' dir='ltr'><strong>est</strong></span> <span class='ocrx_word' id='word_1_190' title='bbox 674 2425 785 2501; x_wconf 89' lang='lat' dir='ltr'><strong>gummi</strong></span> <span class='ocrx_word' id='word_1_191' title='bbox 799 2422 913 2482; x_wconf 89' lang='lat' dir='ltr'><strong>arboris</strong></span> <span class='ocrx_word' id='word_1_192' title='bbox 935 2422 1007 2479; x_wconf 91' lang='lat' dir='ltr'><strong>haur</strong></span> <span class='ocrx_word' id='word_1_193' title='bbox 1029 2420 1124 2490; x_wconf 89' lang='lat' dir='ltr'><strong>Romi,</strong></span> <span class='ocrx_word' id='word_1_194' title='bbox 1141 2432 1258 2479; x_wconf 89' lang='lat' dir='ltr'><strong>emanat</strong></span> 
     </span>
     <span class='ocr_line' id='line_1_21' title="bbox 154 2516 1256 2596; baseline -0.005 -16"><span class='ocrx_word' id='word_1_195' title='bbox 154 2524 191 2582; x_wconf 91' lang='lat' dir='ltr'><strong>ab</strong></span> <span class='ocrx_word' id='word_1_196' title='bbox 207 2522 283 2581; x_wconf 90' lang='lat' dir='ltr'><strong>haur</strong></span> <span class='ocrx_word' id='word_1_197' title='bbox 304 2519 402 2587; x_wconf 89' lang='lat' dir='ltr'><strong>Romi,</strong></span> <span class='ocrx_word' id='word_1_198' title='bbox 418 2533 447 2578; x_wconf 90' lang='lat' dir='ltr'><strong>et</strong></span> <span class='ocrx_word' id='word_1_199' title='bbox 466 2518 645 2596; x_wconf 85' lang='lat' dir='ltr'><strong>congelatur,</strong></span> <span class='ocrx_word' id='word_1_200' title='bbox 660 2532 691 2577; x_wconf 90' lang='lat' dir='ltr'><strong>et</strong></span> <span class='ocrx_word' id='word_1_201' title='bbox 704 2532 749 2577; x_wconf 86' lang='lat' dir='ltr'><strong>est</strong></span> <span class='ocrx_word' id='word_1_202' title='bbox 770 2519 877 2579; x_wconf 90' lang='lat' dir='ltr'><strong>coloris</strong></span> <span class='ocrx_word' id='word_1_203' title='bbox 898 2519 975 2577; x_wconf 86' lang='lat' dir='ltr'><strong>auri:</strong></span> <span class='ocrx_word' id='word_1_204' title='bbox 1000 2530 1106 2595; x_wconf 88' lang='lat' dir='ltr'><strong>putant</strong></span> <span class='ocrx_word' id='word_1_205' title='bbox 1127 2516 1256 2594; x_wconf 90' lang='lat' dir='ltr'><strong>quidam,</strong></span> 
     </span>
     <span class='ocr_line' id='line_1_22' title="bbox 154 2613 1256 2695; baseline -0.005 -18"><span class='ocrx_word' id='word_1_206' title='bbox 154 2618 235 2695; x_wconf 91' lang='lat' dir='ltr'><strong>quod</strong></span> <span class='ocrx_word' id='word_1_207' title='bbox 250 2615 329 2676; x_wconf 89' lang='lat' dir='ltr'><strong>istud</strong></span> <span class='ocrx_word' id='word_1_208' title='bbox 345 2615 465 2674; x_wconf 88' lang='lat' dir='ltr'><strong>Karabe</strong></span> <span class='ocrx_word' id='word_1_209' title='bbox 476 2614 515 2671; x_wconf 89' lang='lat' dir='ltr'><strong>sit</strong></span> <span class='ocrx_word' id='word_1_210' title='bbox 529 2614 708 2675; x_wconf 86' lang='lat' dir='ltr'><strong>sandaracha</strong></span> <span class='ocrx_word' id='word_1_211' title='bbox 721 2630 752 2674; x_wconf 89' lang='lat' dir='ltr'><strong>et</strong></span> <span class='ocrx_word' id='word_1_212' title='bbox 765 2615 875 2685; x_wconf 85' lang='lat' dir='ltr'><strong>dicunt,</strong></span> <span class='ocrx_word' id='word_1_213' title='bbox 890 2615 970 2692; x_wconf 91' lang='lat' dir='ltr'><strong>quod</strong></span> <span class='ocrx_word' id='word_1_214' title='bbox 986 2614 1102 2673; x_wconf 86' lang='lat' dir='ltr'><strong>Karabe</strong></span> <span class='ocrx_word' id='word_1_215' title='bbox 1117 2613 1256 2673; x_wconf 86' lang='lat' dir='ltr'><strong>Sodoniae</strong></span> 
     </span>
     <span class='ocr_line' id='line_1_23' title="bbox 155 2711 1257 2792; baseline -0.002 -20"><span class='ocrx_word' id='word_1_216' title='bbox 155 2727 200 2773; x_wconf 85' lang='lat' dir='ltr'><strong>est</strong></span> <span class='ocrx_word' id='word_1_217' title='bbox 213 2712 385 2792; x_wconf 86' lang='lat' dir='ltr'><strong>hujusmodi</strong></span> <span class='ocrx_word' id='word_1_218' title='bbox 399 2713 527 2790; x_wconf 86' lang='lat' dir='ltr'><strong>gummi:</strong></span> <span class='ocrx_word' id='word_1_219' title='bbox 543 2724 573 2769; x_wconf 88' lang='lat' dir='ltr'><strong>et</strong></span> <span class='ocrx_word' id='word_1_220' title='bbox 585 2726 630 2769; x_wconf 85' lang='lat' dir='ltr'><strong>est</strong></span> <span class='ocrx_word' id='word_1_221' title='bbox 643 2713 755 2790; x_wconf 90' lang='lat' dir='ltr'><strong>gummi</strong></span> <span class='ocrx_word' id='word_1_222' title='bbox 765 2712 875 2770; x_wconf 85' lang='lat' dir='ltr'><strong>funeris</strong></span> <span class='ocrx_word' id='word_1_223' title='bbox 887 2735 894 2781; x_wconf 83' lang='lat'><em>3</em></span> <span class='ocrx_word' id='word_1_224' title='bbox 915 2732 951 2770; x_wconf 91' lang='lat' dir='ltr'><strong>eo</strong></span> <span class='ocrx_word' id='word_1_225' title='bbox 966 2711 1045 2788; x_wconf 92' lang='lat' dir='ltr'><strong>quod</strong></span> <span class='ocrx_word' id='word_1_226' title='bbox 1056 2712 1151 2769; x_wconf 84' lang='lat' dir='ltr'><strong>Latini</strong></span> <span class='ocrx_word' id='word_1_227' title='bbox 1165 2732 1257 2790; x_wconf 91' lang='lat' dir='ltr'><strong>pone-</strong></span> 
     </span>
     <span class='ocr_line' id='line_1_24' title="bbox 155 2808 835 2888; baseline -0.006 -19"><span class='ocrx_word' id='word_1_228' title='bbox 155 2813 227 2869; x_wconf 90' lang='lat' dir='ltr'><strong>bant</strong></span> <span class='ocrx_word' id='word_1_229' title='bbox 242 2812 339 2888; x_wconf 89' lang='lat' dir='ltr'><strong>ipaum</strong></span> <span class='ocrx_word' id='word_1_230' title='bbox 354 2830 443 2887; x_wconf 84' lang='lat' dir='ltr'><strong>super</strong></span> <span class='ocrx_word' id='word_1_231' title='bbox 457 2829 582 2886; x_wconf 89' lang='lat' dir='ltr'><strong>corpora</strong></span> <span class='ocrx_word' id='word_1_232' title='bbox 596 2808 835 2866; x_wconf 84' lang='lat' dir='ltr'><strong>defunctorum.”</strong></span> 
     </span>
    </p>

    <p class='ocr_par' dir='ltr' id='par_1_7' title="bbox 152 2904 1258 3942">
     <span class='ocr_line' id='line_1_25' title="bbox 196 2904 1257 2981; baseline -0.005 -15"><span class='ocrx_word' id='word_1_233' title='bbox 196 2907 284 2966; x_wconf 86' lang='lat' dir='ltr'><strong>lsaac</strong></span> <span class='ocrx_word' id='word_1_234' title='bbox 308 2907 396 2965; x_wconf 79' lang='lat' dir='ltr'><strong>Eben</strong></span> <span class='ocrx_word' id='word_1_235' title='bbox 422 2906 542 2964; x_wconf 86' lang='lat' dir='ltr'><strong>Amram</strong></span> <span class='ocrx_word' id='word_1_236' title='bbox 568 2904 637 2963; x_wconf 82' lang='lat' dir='ltr'><strong>tells</strong></span> <span class='ocrx_word' id='word_1_237' title='bbox 661 2926 706 2974; x_wconf 90' lang='lat' dir='ltr'><strong>us,</strong></span> <span class='ocrx_word' id='word_1_238' title='bbox 730 2904 944 2962; x_wconf 88' lang='lat' dir='ltr'><strong>“Sandaracha</strong></span> <span class='ocrx_word' id='word_1_239' title='bbox 967 2917 1011 2963; x_wconf 88' lang='lat' dir='ltr'><strong>est</strong></span> <span class='ocrx_word' id='word_1_240' title='bbox 1035 2906 1145 2981; x_wconf 87' lang='lat' dir='ltr'><strong>gummi</strong></span> <span class='ocrx_word' id='word_1_241' title='bbox 1160 2906 1257 2963; x_wconf 88' lang='lat' dir='ltr'><strong>citrini</strong></span> 
     </span>
     <span class='ocr_line' id='line_1_26' title="bbox 155 3000 1258 3071; baseline -0.001 -10"><span class='ocrx_word' id='word_1_242' title='bbox 155 3003 265 3062; x_wconf 89' lang='lat' dir='ltr'><strong>coloris</strong></span> <span class='ocrx_word' id='word_1_243' title='bbox 279 3002 381 3061; x_wconf 89' lang='lat' dir='ltr'><strong>similis</strong></span> <span class='ocrx_word' id='word_1_244' title='bbox 395 3001 524 3071; x_wconf 84' lang='lat' dir='ltr'><strong>Karabe‚</strong></span> <span class='ocrx_word' id='word_1_245' title='bbox 539 3001 590 3058; x_wconf 89' lang='lat' dir='ltr'><strong>sed</strong></span> <span class='ocrx_word' id='word_1_246' title='bbox 613 3021 671 3058; x_wconf 94' lang='lat' dir='ltr'><strong>non</strong></span> <span class='ocrx_word' id='word_1_247' title='bbox 691 3013 738 3058; x_wconf 92' lang='lat' dir='ltr'><strong>est</strong></span> <span class='ocrx_word' id='word_1_248' title='bbox 752 3003 792 3058; x_wconf 87' lang='lat' dir='ltr'><strong>ita</strong></span> <span class='ocrx_word' id='word_1_249' title='bbox 814 3000 920 3058; x_wconf 88' lang='lat' dir='ltr'><strong>durum</strong></span> <span class='ocrx_word' id='word_1_250' title='bbox 935 3001 1010 3059; x_wconf 89' lang='lat' dir='ltr'><strong>sicut</strong></span> <span class='ocrx_word' id='word_1_251' title='bbox 1026 3001 1152 3069; x_wconf 87' lang='lat' dir='ltr'><strong>Karabe,</strong></span> <span class='ocrx_word' id='word_1_252' title='bbox 1167 3013 1198 3059; x_wconf 87' lang='lat' dir='ltr'><strong>et</strong></span> <span class='ocrx_word' id='word_1_253' title='bbox 1211 3018 1258 3060; x_wconf 86' lang='lat' dir='ltr'><strong>est</strong></span> 
     </span>
     <span class='ocr_line' id='line_1_27' title="bbox 156 3095 1258 3175; baseline -0.002 -19"><span class='ocrx_word' id='word_1_254' title='bbox 156 3098 184 3156; x_wconf 90' lang='lat' dir='ltr'><strong>in</strong></span> <span class='ocrx_word' id='word_1_255' title='bbox 205 3119 243 3156; x_wconf 94' lang='lat' dir='ltr'><strong>eo</strong></span> <span class='ocrx_word' id='word_1_256' title='bbox 263 3117 367 3175; x_wconf 87' lang='lat' dir='ltr'><strong>porum</strong></span> <span class='ocrx_word' id='word_1_257' title='bbox 392 3096 604 3162; x_wconf 88' lang='lat' dir='ltr'><strong>amaritudinis,</strong></span> <span class='ocrx_word' id='word_1_258' title='bbox 619 3111 648 3155; x_wconf 86' lang='lat' dir='ltr'><strong>et</strong></span> <span class='ocrx_word' id='word_1_259' title='bbox 670 3095 792 3153; x_wconf 84' lang='lat' dir='ltr'><strong>affertur</strong></span> <span class='ocrx_word' id='word_1_260' title='bbox 815 3119 831 3154; x_wconf 89' lang='lat' dir='ltr'><strong>a</strong></span> <span class='ocrx_word' id='word_1_261' title='bbox 856 3097 943 3155; x_wconf 87' lang='lat' dir='ltr'><strong>terris</strong></span> <span class='ocrx_word' id='word_1_262' title='bbox 965 3097 1208 3166; x_wconf 89' lang='lat' dir='ltr'><strong>Christianorum,</strong></span> <span class='ocrx_word' id='word_1_263' title='bbox 1228 3113 1258 3155; x_wconf 90' lang='lat' dir='ltr'><strong>et</strong></span> 
     </span>
     <span class='ocr_line' id='line_1_28' title="bbox 156 3192 1257 3271; baseline -0.001 -21"><span class='ocrx_word' id='word_1_264' title='bbox 156 3195 250 3252; x_wconf 86' lang='lat' dir='ltr'><strong>virtus</strong></span> <span class='ocrx_word' id='word_1_265' title='bbox 264 3193 331 3271; x_wconf 87' lang='lat' dir='ltr'><strong>ejus</strong></span> <span class='ocrx_word' id='word_1_266' title='bbox 345 3206 390 3251; x_wconf 89' lang='lat' dir='ltr'><strong>est</strong></span> <span class='ocrx_word' id='word_1_267' title='bbox 404 3193 509 3251; x_wconf 88' lang='lat' dir='ltr'><strong>similis</strong></span> <span class='ocrx_word' id='word_1_268' title='bbox 524 3192 625 3249; x_wconf 90' lang='lat' dir='ltr'><strong>virtuti</strong></span> <span class='ocrx_word' id='word_1_269' title='bbox 637 3192 767 3261; x_wconf 88' lang='lat' dir='ltr'><strong>Karabe,</strong></span> <span class='ocrx_word' id='word_1_270' title='bbox 783 3193 858 3261; x_wconf 69' lang='lat' dir='ltr'><strong>dtu,</strong></span> <span class='ocrx_word' id='word_1_271' title='bbox 875 3193 967 3269; x_wconf 91' lang='lat' dir='ltr'><strong>etqui</strong></span> <span class='ocrx_word' id='word_1_272' title='bbox 981 3193 1124 3270; x_wconf 88' lang='lat' dir='ltr'><strong>accipitur</strong></span> <span class='ocrx_word' id='word_1_273' title='bbox 1139 3213 1175 3249; x_wconf 81' lang='lat' dir='ltr'><strong>ex</strong></span> <span class='ocrx_word' id='word_1_274' title='bbox 1190 3212 1257 3250; x_wconf 87' lang='lat' dir='ltr'><strong>san-</strong></span> 
     </span>
     <span class='ocr_line' id='line_1_29' title="bbox 155 3288 1255 3364; baseline -0.003 -16"><span class='ocrx_word' id='word_1_275' title='bbox 155 3289 285 3348; x_wconf 89' lang='lat' dir='ltr'><strong>daracha</strong></span> <span class='ocrx_word' id='word_1_276' title='bbox 297 3301 328 3347; x_wconf 88' lang='lat' dir='ltr'><strong>et</strong></span> <span class='ocrx_word' id='word_1_277' title='bbox 341 3288 409 3347; x_wconf 89' lang='lat' dir='ltr'><strong>oleo</strong></span> <span class='ocrx_word' id='word_1_278' title='bbox 422 3308 554 3346; x_wconf 88' lang='lat' dir='ltr'><strong>rosarum</strong></span> <span class='ocrx_word' id='word_1_279' title='bbox 571 3300 601 3345; x_wconf 90' lang='lat' dir='ltr'><strong>et</strong></span> <span class='ocrx_word' id='word_1_280' title='bbox 619 3288 730 3346; x_wconf 89' lang='lat' dir='ltr'><strong>limitur</strong></span> <span class='ocrx_word' id='word_1_281' title='bbox 744 3309 809 3346; x_wconf 86' lang='lat' dir='ltr'><strong>curn</strong></span> <span class='ocrx_word' id='word_1_282' title='bbox 831 3290 883 3357; x_wconf 90' lang='lat' dir='ltr'><strong>eis,</strong></span> <span class='ocrx_word' id='word_1_283' title='bbox 899 3290 1012 3347; x_wconf 81' lang='lat' dir='ltr'><strong>confert</strong></span> <span class='ocrx_word' id='word_1_284' title='bbox 1033 3289 1167 3347; x_wconf 87' lang='lat' dir='ltr'><strong>scissuris</strong></span> <span class='ocrx_word' id='word_1_285' title='bbox 1188 3308 1255 3364; x_wconf 82' lang='lat' dir='ltr'><strong>quse</strong></span> 
     </span>
     <span class='ocr_line' id='line_1_30' title="bbox 156 3383 1257 3462; baseline -0.003 -19"><span class='ocrx_word' id='word_1_286' title='bbox 156 3384 232 3443; x_wconf 85' lang='lat' dir='ltr'><strong>liunt</strong></span> <span class='ocrx_word' id='word_1_287' title='bbox 246 3386 276 3442; x_wconf 89' lang='lat' dir='ltr'><strong>in</strong></span> <span class='ocrx_word' id='word_1_288' title='bbox 292 3384 441 3450; x_wconf 88' lang='lat' dir='ltr'><strong>membris,</strong></span> <span class='ocrx_word' id='word_1_289' title='bbox 456 3385 510 3441; x_wconf 72' lang='lat' dir='ltr'><strong>dcc.</strong></span> <span class='ocrx_word' id='word_1_290' title='bbox 525 3396 555 3440; x_wconf 88' lang='lat' dir='ltr'><strong>et</strong></span> <span class='ocrx_word' id='word_1_291' title='bbox 580 3383 604 3439; x_wconf 90' lang='lat' dir='ltr'><strong>si</strong></span> <span class='ocrx_word' id='word_1_292' title='bbox 626 3403 683 3441; x_wconf 91' lang='lat' dir='ltr'><strong>non</strong></span> <span class='ocrx_word' id='word_1_293' title='bbox 707 3385 860 3462; x_wconf 87' lang='lat' dir='ltr'><strong>reperitur,</strong></span> <span class='ocrx_word' id='word_1_294' title='bbox 875 3406 951 3462; x_wconf 90' lang='lat' dir='ltr'><strong>pone</strong></span> <span class='ocrx_word' id='word_1_295' title='bbox 973 3385 1038 3443; x_wconf 91' lang='lat' dir='ltr'><strong>loco</strong></span> <span class='ocrx_word' id='word_1_296' title='bbox 1060 3384 1124 3461; x_wconf 88' lang='lat' dir='ltr'><strong>ejus</strong></span> <span class='ocrx_word' id='word_1_297' title='bbox 1142 3384 1257 3460; x_wconf 89' lang='lat' dir='ltr'><strong>pondus</strong></span> 
     </span>
     <span class='ocr_line' id='line_1_31' title="bbox 155 3477 1258 3556; baseline -0.001 -18"><span class='ocrx_word' id='word_1_298' title='bbox 155 3480 254 3539; x_wconf 84' lang='lat' dir='ltr'><strong>tertiae</strong></span> <span class='ocrx_word' id='word_1_299' title='bbox 270 3479 362 3556; x_wconf 87' lang='lat' dir='ltr'><strong>partis</strong></span> <span class='ocrx_word' id='word_1_300' title='bbox 377 3477 444 3556; x_wconf 92' lang='lat' dir='ltr'><strong>plus</strong></span> <span class='ocrx_word' id='word_1_301' title='bbox 458 3478 589 3556; x_wconf 82' lang='lat' dir='ltr'><strong>pondere</strong></span> <span class='ocrx_word' id='word_1_302' title='bbox 610 3480 702 3556; x_wconf 88' lang='lat' dir='ltr'><strong>ipsius</strong></span> <span class='ocrx_word' id='word_1_303' title='bbox 718 3481 754 3539; x_wconf 92' lang='lat' dir='ltr'><strong>de</strong></span> <span class='ocrx_word' id='word_1_304' title='bbox 773 3478 913 3538; x_wconf 86' lang='lat' dir='ltr'><strong>Karabe:</strong></span> <span class='ocrx_word' id='word_1_305' title='bbox 936 3480 1014 3556; x_wconf 89' lang='lat' dir='ltr'><strong>quod</strong></span> <span class='ocrx_word' id='word_1_306' title='bbox 1037 3479 1167 3556; x_wconf 88' lang='lat' dir='ltr'><strong>quidem,</strong></span> <span class='ocrx_word' id='word_1_307' title='bbox 1182 3477 1258 3537; x_wconf 84' lang='lat' dir='ltr'><strong>dixit</strong></span> 
     </span>
     <span class='ocr_line' id='line_1_32' title="bbox 155 3572 1258 3652; baseline -0.001 -18"><span class='ocrx_word' id='word_1_308' title='bbox 155 3575 299 3644; x_wconf 86' lang='lat' dir='ltr'><strong>Galenus,</strong></span> <span class='ocrx_word' id='word_1_309' title='bbox 320 3594 385 3633; x_wconf 88' lang='lat' dir='ltr'><strong>esse</strong></span> <span class='ocrx_word' id='word_1_310' title='bbox 409 3574 520 3652; x_wconf 89' lang='lat' dir='ltr'><strong>gummi</strong></span> <span class='ocrx_word' id='word_1_311' title='bbox 556 3572 663 3633; x_wconf 90' lang='lat' dir='ltr'><strong>‘Haur</strong></span> <span class='ocrx_word' id='word_1_312' title='bbox 694 3574 877 3634; x_wconf 80' lang='lat' dir='ltr'><strong>Romanae.&#39;&#39;&#39;</strong></span> <span class='ocrx_word' id='word_1_313' title='bbox 919 3574 992 3632; x_wconf 83' lang='lat' dir='ltr'><strong>This</strong></span> <span class='ocrx_word' id='word_1_314' title='bbox 1014 3575 1122 3641; x_wconf 79' lang='lat' dir='ltr'><strong>writer,</strong></span> <span class='ocrx_word' id='word_1_315' title='bbox 1144 3576 1183 3649; x_wconf 84' lang='lat' dir='ltr'><strong>by</strong></span> <span class='ocrx_word' id='word_1_316' title='bbox 1209 3575 1258 3634; x_wconf 88' lang='lat' dir='ltr'><strong>the</strong></span> 
     </span>
     <span class='ocr_line' id='line_1_33' title="bbox 154 3669 1258 3749; baseline 0 -19"><span class='ocrx_word' id='word_1_317' title='bbox 154 3672 263 3749; x_wconf 86' lang='lat' dir='ltr'><strong>phrase</strong></span> <span class='ocrx_word' id='word_1_318' title='bbox 286 3676 304 3705; x_wconf 78' lang='lat'><strong>‘⁴</strong></span> <span class='ocrx_word' id='word_1_319' title='bbox 314 3682 345 3727; x_wconf 89' lang='lat' dir='ltr'><strong>et</strong></span> <span class='ocrx_word' id='word_1_320' title='bbox 358 3669 480 3727; x_wconf 84' lang='lat' dir='ltr'><strong>affertur</strong></span> <span class='ocrx_word' id='word_1_321' title='bbox 499 3689 515 3727; x_wconf 92' lang='lat' dir='ltr'><strong>a</strong></span> <span class='ocrx_word' id='word_1_322' title='bbox 528 3670 613 3728; x_wconf 88' lang='lat' dir='ltr'><strong>terris</strong></span> <span class='ocrx_word' id='word_1_323' title='bbox 628 3670 893 3741; x_wconf 88' lang='lat' dir='ltr'><strong>Christianorum,”</strong></span> <span class='ocrx_word' id='word_1_324' title='bbox 915 3691 1010 3730; x_wconf 82' lang='lat' dir='ltr'><strong>scema</strong></span> <span class='ocrx_word' id='word_1_325' title='bbox 1026 3683 1055 3729; x_wconf 91' lang='lat' dir='ltr'><strong>to</strong></span> <span class='ocrx_word' id='word_1_326' title='bbox 1069 3670 1195 3729; x_wconf 90' lang='lat' dir='ltr'><strong>indicate</strong></span> <span class='ocrx_word' id='word_1_327' title='bbox 1210 3671 1258 3730; x_wconf 83' lang='lat' dir='ltr'><strong>the</strong></span> 
     </span>
     <span class='ocr_line' id='line_1_34' title="bbox 152 3765 1256 3847; baseline 0 -20"><span class='ocrx_word' id='word_1_328' title='bbox 152 3789 224 3846; x_wconf 88' lang='lat' dir='ltr'><strong>gum</strong></span> <span class='ocrx_word' id='word_1_329' title='bbox 235 3766 315 3826; x_wconf 88' lang='lat' dir='ltr'><strong>resin</strong></span> <span class='ocrx_word' id='word_1_330' title='bbox 330 3766 366 3824; x_wconf 82' lang='lat' dir='ltr'><strong>os</strong></span> <span class='ocrx_word' id='word_1_331' title='bbox 375 3767 424 3824; x_wconf 89' lang='lat' dir='ltr'><strong>the</strong></span> <span class='ocrx_word' id='word_1_332' title='bbox 439 3765 596 3842; x_wconf 86' lang='lat' dir='ltr'><strong>European</strong></span> <span class='ocrx_word' id='word_1_333' title='bbox 611 3767 727 3826; x_wconf 91' lang='lat' dir='ltr'><strong>Cedrus</strong></span> <span class='ocrx_word' id='word_1_334' title='bbox 741 3769 921 3847; x_wconf 85' lang='lat' dir='ltr'><strong>Juniperus;</strong></span> <span class='ocrx_word' id='word_1_335' title='bbox 945 3789 976 3827; x_wconf 88' lang='lat' dir='ltr'><strong>as</strong></span> <span class='ocrx_word' id='word_1_336' title='bbox 988 3767 1131 3826; x_wconf 81' lang='lat' dir='ltr'><strong>alsodoes</strong></span> <span class='ocrx_word' id='word_1_337' title='bbox 1148 3768 1256 3827; x_wconf 88' lang='lat' dir='ltr'><strong>Paulus</strong></span> 
     </span>
     <span class='ocr_line' id='line_1_35' title="bbox 154 3862 1257 3942; baseline 0.002 -21"><span class='ocrx_word' id='word_1_338' title='bbox 154 3866 193 3941; x_wconf 83' lang='lat' dir='ltr'><strong>by</strong></span> <span class='ocrx_word' id='word_1_339' title='bbox 222 3862 374 3921; x_wconf 86' lang='lat' dir='ltr'><strong>“Karabe</strong></span> <span class='ocrx_word' id='word_1_340' title='bbox 394 3862 564 3940; x_wconf 84' lang='lat' dir='ltr'><strong>Sodoniae‚’&#39;</strong></span> <span class='ocrx_word' id='word_1_341' title='bbox 585 3884 602 3921; x_wconf 89' lang='lat' dir='ltr'><strong>a</strong></span> <span class='ocrx_word' id='word_1_342' title='bbox 626 3864 795 3941; x_wconf 69' lang='lat' dir='ltr'><strong>speciosos</strong></span> <span class='ocrx_word' id='word_1_343' title='bbox 819 3865 876 3922; x_wconf 88' lang='lat' dir='ltr'><strong>this</strong></span> <span class='ocrx_word' id='word_1_344' title='bbox 889 3879 949 3923; x_wconf 83' lang='lat' dir='ltr'><strong>trce</strong></span> <span class='ocrx_word' id='word_1_345' title='bbox 970 3865 1102 3942; x_wconf 87' lang='lat' dir='ltr'><strong>growing</strong></span> <span class='ocrx_word' id='word_1_346' title='bbox 1123 3866 1151 3922; x_wconf 92' lang='lat' dir='ltr'><strong>in</strong></span> <span class='ocrx_word' id='word_1_347' title='bbox 1167 3864 1257 3923; x_wconf 86' lang='lat' dir='ltr'><strong>Phoc·</strong></span> 
     </span>
    </p>
   </div>
   <div class='ocr_carea' id='block_1_3' title="bbox 151 4028 1261 4660">
    <p class='ocr_par' dir='ltr' id='par_1_8' title="bbox 151 4028 1261 4413">
     <span class='ocr_line' id='line_1_36' title="bbox 186 4028 1259 4095; baseline 0.003 -17"><span class='ocrx_word' id='word_1_348' title='bbox 186 4030 193 4058; x_wconf 83' lang='lat'>¹</span> <span class='ocrx_word' id='word_1_349' title='bbox 213 4029 227 4078; x_wconf 90' lang='lat'>1</span> <span class='ocrx_word' id='word_1_350' title='bbox 238 4044 278 4077; x_wconf 88' lang='lat' dir='ltr'><strong>am</strong></span> <span class='ocrx_word' id='word_1_351' title='bbox 288 4028 389 4077; x_wconf 81' lang='lat' dir='ltr'><strong>fortiliod</strong></span> <span class='ocrx_word' id='word_1_352' title='bbox 400 4030 425 4076; x_wconf 93' lang='lat' dir='ltr'><strong>in</strong></span> <span class='ocrx_word' id='word_1_353' title='bbox 436 4029 483 4079; x_wconf 85' lang='lat' dir='ltr'><strong>this</strong></span> <span class='ocrx_word' id='word_1_354' title='bbox 492 4033 648 4095; x_wconf 87' lang='lat' dir='ltr'><strong>presumption</strong></span> <span class='ocrx_word' id='word_1_355' title='bbox 664 4033 697 4094; x_wconf 80' lang='lat' dir='ltr'><strong>by</strong></span> <span class='ocrx_word' id='word_1_356' title='bbox 707 4046 722 4079; x_wconf 86' lang='lat' dir='ltr'><strong>a</strong></span> <span class='ocrx_word' id='word_1_357' title='bbox 732 4045 827 4094; x_wconf 83' lang='lat' dir='ltr'><strong>passage</strong></span> <span class='ocrx_word' id='word_1_358' title='bbox 835 4032 860 4078; x_wconf 88' lang='lat' dir='ltr'><strong>in</strong></span> <span class='ocrx_word' id='word_1_359' title='bbox 873 4030 1043 4090; x_wconf 76' lang='lat' dir='ltr'><strong>Aldrovandns‚</strong></span> <span class='ocrx_word' id='word_1_360' title='bbox 1055 4036 1070 4059; x_wconf 88' lang='lat'><strong>“</strong></span> <span class='ocrx_word' id='word_1_361' title='bbox 1081 4031 1164 4081; x_wconf 83' lang='lat' dir='ltr'><strong>lliusoei</strong></span> <span class='ocrx_word' id='word_1_362' title='bbox 1177 4033 1259 4081; x_wconf 83' lang='lat' dir='ltr'><strong>Metal·</strong></span> 
     </span>
     <span class='ocr_line' id='line_1_37' title="bbox 151 4109 1261 4173; baseline 0.008 -16"><span class='ocrx_word' id='word_1_363' title='bbox 151 4111 217 4160; x_wconf 83' lang='lat' dir='ltr'><strong>lici.”</strong></span> <span class='ocrx_word' id='word_1_364' title='bbox 244 4110 299 4158; x_wconf 78' lang='lat' dir='ltr'><strong>Lib.</strong></span> <span class='ocrx_word' id='word_1_365' title='bbox 311 4111 335 4159; x_wconf 81' lang='lat'><strong>3.</strong></span> <span class='ocrx_word' id='word_1_366' title='bbox 352 4109 379 4158; x_wconf 83' lang='grc'><strong>0.</strong></span> <span class='ocrx_word' id='word_1_367' title='bbox 394 4111 433 4159; x_wconf 78' lang='lat' dir='ltr'><strong>ts.</strong></span> <span class='ocrx_word' id='word_1_368' title='bbox 453 4112 557 4162; x_wconf 81' lang='lat' dir='ltr'><strong>“Latini</strong></span> <span class='ocrx_word' id='word_1_369' title='bbox 573 4115 699 4163; x_wconf 88' lang='lat' dir='ltr'><strong>succinum.</strong></span> <span class='ocrx_word' id='word_1_370' title='bbox 733 4113 842 4162; x_wconf 81' lang='lat' dir='ltr'><strong>Germani</strong></span> <span class='ocrx_word' id='word_1_371' title='bbox 854 4121 950 4169; x_wconf 82' lang='lat' dir='ltr'><strong>veteres,</strong></span> <span class='ocrx_word' id='word_1_372' title='bbox 971 4122 997 4160; x_wconf 89' lang='lat' dir='ltr'><strong>nt</strong></span> <span class='ocrx_word' id='word_1_373' title='bbox 1015 4114 1109 4163; x_wconf 80' lang='lat' dir='ltr'><strong>Tacitus</strong></span> <span class='ocrx_word' id='word_1_374' title='bbox 1125 4124 1149 4163; x_wconf 86' lang='lat' dir='ltr'><strong>et</strong></span> <span class='ocrx_word' id='word_1_375' title='bbox 1168 4116 1261 4173; x_wconf 69' lang='lat' dir='ltr'><strong>Plinius</strong></span> 
     </span>
     <span class='ocr_line' id='line_1_38' title="bbox 152 4192 1259 4262; baseline 0.007 -23"><span class='ocrx_word' id='word_1_376' title='bbox 152 4192 265 4249; x_wconf 74' lang='lat' dir='ltr'><strong>referunt,</strong></span> <span class='ocrx_word' id='word_1_377' title='bbox 282 4192 382 4254; x_wconf 74' lang='lat' dir='ltr'><strong>glemum</strong></span> <span class='ocrx_word' id='word_1_378' title='bbox 400 4195 513 4243; x_wconf 84' lang='lat' dir='ltr'><strong>vocabant</strong></span> <span class='ocrx_word' id='word_1_379' title='bbox 529 4213 581 4257; x_wconf 75' lang='lat' dir='ltr'><strong>qua</strong></span> <span class='ocrx_word' id='word_1_380' title='bbox 592 4213 637 4244; x_wconf 82' lang='lat' dir='ltr'><strong>vox</strong></span> <span class='ocrx_word' id='word_1_381' title='bbox 654 4196 722 4243; x_wconf 89' lang='lat' dir='ltr'><strong>hodie</strong></span> <span class='ocrx_word' id='word_1_382' title='bbox 740 4196 824 4242; x_wconf 83' lang='lat' dir='ltr'><strong>vitrum</strong></span> <span class='ocrx_word' id='word_1_383' title='bbox 839 4194 968 4256; x_wconf 82' lang='lat' dir='ltr'><strong>significare</strong></span> <span class='ocrx_word' id='word_1_384' title='bbox 979 4195 1072 4243; x_wconf 83' lang='lat' dir='ltr'><strong>videtur</strong></span> <span class='ocrx_word' id='word_1_385' title='bbox 1081 4211 1087 4254; x_wconf 76' lang='grc' dir='ltr'><strong><em>ς</em></strong></span> <span class='ocrx_word' id='word_1_386' title='bbox 1104 4212 1156 4244; x_wconf 84' lang='lat' dir='ltr'><strong>cum</strong></span> <span class='ocrx_word' id='word_1_387' title='bbox 1174 4201 1259 4262; x_wconf 75' lang='lat' dir='ltr'><strong>aliqua</strong></span> 
     </span>
     <span class='ocr_line' id='line_1_39' title="bbox 152 4275 1259 4341; baseline 0.005 -19"><span class='ocrx_word' id='word_1_388' title='bbox 152 4277 238 4338; x_wconf 76' lang='lat' dir='ltr'><strong>specics</strong></span> <span class='ocrx_word' id='word_1_389' title='bbox 255 4275 355 4333; x_wconf 64' lang='lat' dir='ltr'><strong>urrini,</strong></span> <span class='ocrx_word' id='word_1_390' title='bbox 365 4276 444 4325; x_wconf 73' lang='lat' dir='ltr'><strong>instar</strong></span> <span class='ocrx_word' id='word_1_391' title='bbox 454 4278 513 4324; x_wconf 77' lang='lat' dir='ltr'><strong>vitri</strong></span> <span class='ocrx_word' id='word_1_392' title='bbox 519 4280 641 4341; x_wconf 69' lang='lat' dir='ltr'><strong>pallesceret,</strong></span> <span class='ocrx_word' id='word_1_393' title='bbox 652 4278 715 4325; x_wconf 83' lang='lat' dir='ltr'><strong>unde</strong></span> <span class='ocrx_word' id='word_1_394' title='bbox 728 4284 809 4339; x_wconf 78' lang='lat' dir='ltr'><strong>posteo</strong></span> <span class='ocrx_word' id='word_1_395' title='bbox 826 4285 900 4323; x_wconf 81' lang='lat' dir='ltr'><strong>ortum</strong></span> <span class='ocrx_word' id='word_1_396' title='bbox 917 4283 947 4323; x_wconf 81' lang='lat' dir='ltr'><strong>est</strong></span> <span class='ocrx_word' id='word_1_397' title='bbox 961 4277 1150 4338; x_wconf 68' lang='lat' dir='ltr'><strong>proverbiorum</strong></span> <span class='ocrx_word' id='word_1_398' title='bbox 1161 4281 1259 4341; x_wconf 78' lang='lat' dir='ltr'><strong>aliquod</strong></span> 
     </span>
     <span class='ocr_line' id='line_1_40' title="bbox 154 4356 646 4413; baseline 0.014 -14"><span class='ocrx_word' id='word_1_399' title='bbox 154 4357 247 4401; x_wconf 65' lang='lat' dir='ltr'><strong>sicam</strong></span> <span class='ocrx_word' id='word_1_400' title='bbox 257 4362 278 4403; x_wconf 80' lang='lat' dir='ltr'><strong>ct</strong></span> <span class='ocrx_word' id='word_1_401' title='bbox 289 4356 404 4413; x_wconf 76' lang='lat' dir='ltr'><strong>nitidum,</strong></span> <span class='ocrx_word' id='word_1_402' title='bbox 416 4358 508 4405; x_wconf 75' lang='lat' dir='ltr'><strong>Electra</strong></span> <span class='ocrx_word' id='word_1_403' title='bbox 520 4358 646 4406; x_wconf 81' lang='lat' dir='ltr'><strong>lucidius.&#39;&#39;</strong></span> 
     </span>
    </p>

    <p class='ocr_par' dir='ltr' id='par_1_9' title="bbox 156 4435 1260 4565">
     <span class='ocr_line' id='line_1_41' title="bbox 186 4435 1260 4509; baseline 0.003 -26"><span class='ocrx_word' id='word_1_404' title='bbox 186 4435 197 4463; x_wconf 84' lang='lat'>¹</span> <span class='ocrx_word' id='word_1_405' title='bbox 214 4436 320 4497; x_wconf 84' lang='lat' dir='ltr'><strong>Serapio.</strong></span> <span class='ocrx_word' id='word_1_406' title='bbox 357 4436 405 4485; x_wconf 81' lang='lat' dir='ltr'><strong>Ful.</strong></span> <span class='ocrx_word' id='word_1_407' title='bbox 420 4437 514 4498; x_wconf 81' lang='lat' dir='ltr'><strong>Venice,</strong></span> <span class='ocrx_word' id='word_1_408' title='bbox 533 4440 603 4486; x_wconf 78' lang='lat'>1550.</span> <span class='ocrx_word' id='word_1_409' title='bbox 639 4438 769 4486; x_wconf 75' lang='lat' dir='ltr'><strong>Abrahamo</strong></span> <span class='ocrx_word' id='word_1_410' title='bbox 786 4438 878 4497; x_wconf 77' lang='lat' dir='ltr'><strong>Judaeo,</strong></span> <span class='ocrx_word' id='word_1_411' title='bbox 895 4448 917 4485; x_wconf 82' lang='lat' dir='ltr'><strong>et</strong></span> <span class='ocrx_word' id='word_1_412' title='bbox 930 4439 1025 4500; x_wconf 77' lang='lat' dir='ltr'><strong>Syrnoni</strong></span> <span class='ocrx_word' id='word_1_413' title='bbox 1035 4439 1140 4497; x_wconf 74' lang='lat' dir='ltr'><strong>danseri,</strong></span> <span class='ocrx_word' id='word_1_414' title='bbox 1152 4441 1260 4509; x_wconf 76' lang='lat' dir='ltr'><strong>interpre-</strong></span> 
     </span>
     <span class='ocr_line' id='line_1_42' title="bbox 156 4518 229 4565; baseline 0.014 -1"><span class='ocrx_word' id='word_1_415' title='bbox 156 4518 229 4565; x_wconf 71' lang='lat' dir='ltr'><strong>tibus</strong></span> 
     </span>
    </p>

    <p class='ocr_par' dir='ltr' id='par_1_10' title="bbox 1122 4622 1138 4660">
     <span class='ocr_line' id='line_1_43' title="bbox 1122 4622 1138 4660; baseline 0 0"><span class='ocrx_word' id='word_1_416' title='bbox 1122 4622 1138 4660; x_wconf 75' lang='lat' dir='ltr'><strong>l?</strong></span> 
     </span>
    </p>
   </div>
   <div class='ocr_carea' id='block_1_4' title="bbox 0 0 1589 5168">
    <p class='ocr_par' dir='ltr' id='par_1_11' title="bbox 0 0 1589 5168">
     <span class='ocr_line' id='line_1_44' title="bbox 0 0 1589 5168; baseline 0 0"><span class='ocrx_word' id='word_1_417' title='bbox 0 0 1589 5168; x_wconf 95' lang='lat' dir='ltr'><strong> </strong></span> 
     </span>
    </p>
   </div>
  </div>
 </body>
</html>
