3166 5190
694 527 885 571 annornm
910 526 1011 568 Lmen
1032 526 1083 567 III.

618 953 847 1050 CAPUT
899 950 1162 1047 XXXIII.

705 1175 750 1216 DE
772 1172 958 1223 COQUENDO
981 1170 1085 1214 AURO.

425 1325 541 1390 OLLE
566 1347 677 1388 aurum
697 1325 916 1412 qualecunque
940 1322 990 1398 sit,
1006 1330 1039 1384 et
1058 1328 1185 1405 percute
1206 1317 1307 1380 donec
1331 1324 1441 1379 tenues

438 1429 562 1492 laminae
584 1429 671 1505 fiant,
694 1427 857 1490 latitudine
881 1425 975 1488 trium
997 1423 1167 1509 digitorum
1192 1427 1224 1484 et
1245 1419 1442 1504 longitudine

347 1541 500 1617 quantum
529 1532 640 1616 possis.
689 1528 815 1592 Deinde
842 1527 944 1591 incide
971 1535 1076 1611 partes
1102 1535 1137 1588 ut
1163 1544 1253 1610 reque
1275 1524 1380 1606 longae
1411 1532 1442 1584 et

347 1635 418 1695 latee
440 1634 514 1712 sint,
538 1645 570 1697 et
593 1635 752 1719 conjunge
775 1655 829 1695 eas
853 1633 968 1717 pariter
991 1640 1086 1717 atque
1108 1628 1234 1714 perfora
1256 1650 1311 1713 per
1333 1627 1442 1691 omnia

347 1756 419 1797 cum
433 1736 552 1798 rasorio
569 1735 650 1799 ferro
666 1734 762 1798 tenni.
809 1733 928 1797 Postea
942 1733 1051 1818 accipe
1066 1732 1146 1795 duas
1160 1741 1259 1796 testas
1283 1732 1353 1794 ollae
1367 1731 1442 1815 igne

348 1837 496 1920 probatas
512 1846 609 1900 tanta
626 1836 852 1921 magnitudinis
866 1844 903 1899 ut
917 1857 1028 1898 aurum
1048 1834 1141 1897 ineis
1157 1834 1258 1920 possit
1275 1834 1395 1919 jacere,
1411 1844 1443 1897 et
1560 1824 1561 1889 l

349 1936 458 2023 frange
481 1939 621 2023 tegulam
644 1938 836 2016 minutatim,
860 1939 925 2003 sive
950 1938 1093 2023 argillam
1120 1937 1258 2001 fornacis
1279 1960 1385 2002 arsam
1411 1946 1443 1999 et
1560 1932 1561 1937 ’

348 2038 566 2118 rubicundam,
595 2040 825 2104 comminutam
856 2039 997 2126 pondera
1025 2038 1058 2104 in
1088 2040 1168 2104 duas
1199 2051 1306 2127 partes
1335 2063 1443 2128 aequa·

349 2141 404 2219 les,
435 2151 467 2204 et
496 2142 579 2205 adde
603 2143 631 2205 ei
656 2143 780 2206 tertiam
805 2153 927 2229 partem
958 2144 1032 2206 salis
1055 2143 1170 2207 eodem
1196 2145 1347 2231 pondere,
1372 2167 1443 2232 quae
1560 2224 1561 2227 Ἴ

351 2247 474 2311 modice
496 2269 625 2333 aspersa
649 2269 721 2311 cum
745 2248 836 2312 urina
860 2247 1102 2311 commisceatur
1124 2247 1179 2326 ita,
1196 2257 1230 2311 ut
1253 2270 1318 2310 non
1336 2249 1443 2312 adhae-

350 2362 439 2415 reant
461 2352 531 2430 sibi,
552 2351 607 2414 sed
630 2350 683 2413 vix
706 2350 836 2413 madida
858 2350 930 2427 sint,
954 2358 986 2412 et
1008 2349 1099 2412 mitte
1118 2349 1192 2413 inde
1214 2372 1325 2434 parum
1350 2370 1443 2435 super

350 2477 445 2518 unam
463 2463 579 2517 testam
590 2454 686 2538 juxta
700 2453 900 2515 latitudinem
917 2451 995 2531 auri,
1012 2452 1126 2516 deinde
1145 2452 1242 2536 ipsius
1263 2452 1331 2515 atui
1347 2474 1442 2516 unam

350 2566 482 2643 partem,
513 2578 699 2642 rursumque
728 2554 971 2633 confectionem,
1002 2564 1034 2617 et
1061 2556 1174 2618 iterum
1208 2577 1318 2618 aumm
1357 2556 1441 2642 qnod

350 2681 475 2744 semper
494 2658 692 2722 confectione
709 2658 753 2720 ita
767 2656 977 2744 cooperiatur,
993 2679 1033 2720 ne
1052 2678 1163 2720 aurum
1184 2678 1262 2720 auro
1282 2666 1442 2742 tangatur,

350 2763 458 2848 sicque
482 2761 577 2846 imple
597 2770 712 2823 testam
736 2760 895 2846 usquead
922 2781 1092 2835 summum,
1107 2769 1140 2823 et
1158 2760 1293 2845 desuper
1315 2760 1443 2846 cooperi

350 2886 424 2929 cum
439 2863 539 2926 altera
553 2872 648 2940 testa,
663 2885 743 2949 quas
758 2863 925 2948 diligenter
947 2860 1155 2925 circumlinies
1170 2861 1282 2946 argilla
1297 2860 1398 2927 mixta
1412 2872 1444 2925 et

351 2964 520 3041 macerata,
536 2986 698 3050 ponesque
713 2965 752 3027 ad
769 2965 887 3049 ignem,
903 2974 938 3027 ut
953 2964 1096 3028 siccetur.
1142 2961 1273 3027 InterIm
1288 2985 1443 3049 compone
1560 2976 1561 2989 ¹

351 3067 476 3129 furnum
493 3088 532 3129 ex
548 3064 707 3150 lapidibus
731 3074 763 3128 et
786 3066 907 3151 argillis,
923 3064 1089 3130 altitudine
1113 3066 1246 3130 duorum
1270 3067 1397 3151 pedum,
1412 3077 1444 3130 et

351 3168 516 3232 latitudine
553 3167 643 3253 pedis
673 3177 705 3229 et
735 3167 867 3247 dimidii,
895 3167 1025 3231 inferius
1058 3169 1167 3246 latum,
1197 3169 1340 3252 superius
1370 3190 1443 3231 vero
1560 3152 1561 3195 l

350 3270 506 3348 strictum,
528 3270 584 3334 ubi
606 3269 749 3333 foramen
774 3270 816 3333 sit
838 3271 871 3332 in
895 3269 1012 3348 medio,
1035 3268 1067 3331 in
1089 3292 1154 3356 quo
1176 3270 1361 3334 eminebant
1382 3282 1442 3333 tres

352 3373 471 3458 lapides
487 3373 645 3458 longiores
661 3382 694 3435 at
707 3372 786 3450 duri,
802 3373 856 3458 qui
881 3371 1004 3457 possint
1018 3371 1180 3434 flammam
1205 3371 1258 3434 diu
1279 3374 1442 3450 sustinere,

350 3497 444 3561 super
469 3496 550 3561 quos
571 3496 669 3561 pones
691 3483 790 3538 testas
812 3496 884 3537 cum
911 3495 999 3551 auro,
1020 3483 1052 3538 et
1078 3474 1239 3560 cooperies
1262 3475 1332 3538 aliis
1355 3474 1442 3539 testis

352 3577 564 3642 abundanter.
611 3576 736 3640 Deinde
762 3599 904 3661 suppone
929 3576 1035 3661 ignem
1063 3585 1095 3638 et
1118 3577 1215 3661 ligna,
1244 3585 1276 3639 et
1305 3598 1383 3639 cave
1405 3597 1442 3638 ne

351 3680 480 3743 deficIat
494 3679 576 3764 ignis
591 3680 740 3765 copiosus
755 3698 811 3762 per
825 3678 962 3763 spatium
978 3676 1039 3741 diei
1056 3699 1093 3740 ac
1108 3678 1220 3740 noctis.
1254 3677 1354 3740 Mane
1371 3698 1442 3741 vero

351 3780 470 3843 eiciens
492 3801 615 3859 aurum,
630 3802 754 3844 rursum
778 3779 886 3858 funde,
903 3789 1032 3865 percute
1051 3788 1084 3842 et
1105 3779 1233 3864 impone
1248 3779 1342 3842 furno
1364 3779 1444 3842 sicut

352 3881 447 3966 prins.
473 3880 593 3943 Iterum
608 3891 716 3946 autem
731 3891 804 3968 post
818 3882 903 3946 diem
919 3892 1046 3945 noctem
1061 3881 1158 3958 aufer,
1173 3890 1205 3943 et
1220 3879 1399 3943 admiscens
1414 3878 1441 3941 ei

353 3983 512 4048 modicum
543 3984 641 4068 cupri,
657 3984 755 4049 funde
777 3986 862 4048 sieut
884 3983 980 4069 prius,
997 3992 1029 4046 et
1051 4003 1173 4067 repone
1195 3981 1439 4067 supersurnum.

351 4085 498 4173 Cumque
523 4086 615 4150 tertio
643 4086 836 4172 deposueris,
857 4087 930 4150 lara
956 4084 1122 4170 diligenter
1147 4093 1180 4147 et
1208 4084 1311 4161 sicea;
1335 4083 1441 4169 sicque

321 4202 325 4208 “
350 4189 529 4274 ponderans
545 4188 616 4251 vide
630 4199 783 4275 quantum
800 4188 891 4265 desit,
903 4188 1018 4251 deinde
1033 4187 1187 4271 complica
1203 4195 1235 4249 et
1249 4207 1350 4251 serva.
