3090 5174
311 503 376 567 412
772 525 950 569 annuunt.

310 683 342 735 et
364 683 439 737 tunc
461 675 616 760 recipiunt
637 675 713 739 illud
740 676 851 739 leniter
873 676 906 738 in
928 697 1002 739 vase
1025 696 1143 760 cupreo
1165 677 1215 741 rel
1238 677 1353 758 vitreo,
1382 687 1414 741 et

310 776 422 839 itemm
445 777 615 840 infundunt
636 779 745 841 vinum
767 800 863 864 super
885 778 979 856 feces,
1010 786 1042 840 et
1063 787 1223 862 reponunt
1244 779 1277 842 in
1301 801 1413 864 supra-

310 877 396 939 dicto
411 878 491 956 loc0,
514 889 546 942 et
561 881 606 942 sic
623 880 743 944 faciunt
758 903 813 966 per
828 891 930 944 totum
945 902 1075 958 annum,
1098 880 1253 946 addentes
1268 881 1414 968 aliquan·

310 981 411 1043 tulum
442 982 481 1044 de
511 983 612 1046 viridi.
658 982 722 1057 Qui
752 992 859 1047 autem
888 982 982 1047 citius
1011 983 1123 1045 volunt
1152 981 1282 1061 habere,
1313 985 1414 1048 viride

310 1083 434 1145 molunt
449 1083 523 1147 illud
540 1105 612 1147 cum
627 1086 701 1148 vino
717 1094 753 1148 ut
767 1106 862 1169 supra
876 1084 997 1148 dictum
1013 1092 1073 1162 est,
1095 1093 1128 1146 et
1143 1092 1219 1148 tunc
1235 1086 1325 1149 enim
1340 1086 1413 1150 inde

310 1185 455 1248 scribitur
477 1186 567 1272 quasi
590 1186 795 1249 vermiculum
817 1187 868 1251 vel
889 1186 1039 1263 azorium,
1062 1185 1244 1249 molendum
1265 1198 1318 1250 est
1340 1211 1412 1251 cum

310 1286 402 1365 vino;
427 1298 502 1351 tunc
525 1288 660 1372 accipies
682 1287 791 1351 vinum
814 1288 969 1373 optimum
992 1298 1025 1351 ct
1047 1310 1130 1372 pone
1153 1288 1183 1350 in
1207 1289 1317 1375 aliquo
1338 1310 1414 1353 vase

311 1411 389 1452 eneo
405 1390 453 1452 val
476 1412 592 1473 cupreo
615 1401 647 1453 et
669 1389 779 1453 bullies
801 1390 888 1452 illud.
932 1388 1007 1464 Quo
1030 1398 1122 1452 cocto
1146 1399 1178 1453 et
1199 1391 1359 1455 mundato
1374 1392 1413 1454 de

311 1513 433 1576 spuma,
450 1491 573 1554 custodi
597 1490 683 1569 illud,
704 1501 736 1554 et
758 1491 831 1553 inde
854 1491 1047 1576 distempera
1061 1491 1195 1556 viridem
1210 1493 1367 1572 colorem,
1382 1502 1413 1557 et

310 1614 392 1677 pone
408 1594 448 1656 ad
465 1595 604 1678 tepidum
620 1595 730 1671 solem,
742 1594 792 1656 vel
804 1592 922 1656 lentum
939 1591 1106 1677 (ignem¹)‚
1117 1593 1220 1657 donec
1233 1595 1358 1679 spissus
1373 1596 1413 1658 sit

310 1702 500 1773 mensurate,
517 1707 549 1759 et
569 1697 673 1781 posito
695 1696 729 1757 in
750 1718 789 1758 eo
809 1695 850 1758 de
865 1716 959 1757 croco
975 1704 1007 1757 et
1026 1695 1067 1757 de
1082 1695 1210 1779 pulvere
1225 1696 1310 1761 ossis
1326 1720 1412 1762 com·

310 1798 404 1876 busti,
425 1800 556 1861 alteram
580 1797 747 1861 contrahet
763 1797 898 1860 virorem
921 1806 953 1859 et
976 1796 1155 1875 meliorem;
1179 1798 1228 1861 vel
1251 1799 1278 1861 si
1296 1800 1412 1863 miscu-

310 1901 371 1964 eris
398 1923 516 1963 novum
543 1922 614 1962 cum
638 1899 744 1976 veteri,
768 1899 898 1961 alteram
919 1899 1108 1963 viriditatem
1133 1898 1284 1979 habebit3
1310 1901 1361 1964 vel
1387 1902 1412 1963 si

310 2012 411 2064 totum
428 2002 579 2064 siccatum
596 2000 690 2064 fuerit
704 2003 752 2063 vel
766 2002 859 2064 nimis
875 2023 1016 2064 crassum
1032 2023 1115 2086 pone
1130 2022 1243 2085 parum
1258 2003 1301 2065 de
1317 2025 1410 2090 aqua.

312 2104 402 2167 Pone
419 2109 568 2189 praeterea
582 2104 679 2166 viride
694 2105 726 2166 in
739 2104 812 2166 vino
827 2126 865 2166 ac
881 2103 960 2167 frica
975 2102 1052 2166 satis
1065 2102 1185 2188 digito:
1207 2125 1272 2188 quo
1288 2105 1411 2184 sedato,

310 2208 417 2291 accipe
432 2206 519 2292 quod
536 2206 686 2293 liquidum
703 2217 751 2268 est
770 2215 802 2268 et
821 2227 904 2289 pone
920 2206 960 2268 ad
977 2206 1093 2269 lentem
1109 2205 1207 2269 solem
1224 2206 1276 2268 vel
1290 2206 1326 2269 in
1341 2207 1411 2270 loco

310 2309 364 2373 ubi
393 2309 521 2394 spissari
550 2309 661 2393 possit.
706 2307 845 2382 Quando
875 2317 984 2392 aptum
1016 2306 1111 2370 fuerit
1136 2307 1178 2371 ad
1204 2306 1410 2372 scribendum

310 2434 392 2496 pone
408 2411 439 2472 in
455 2433 530 2474 vase
553 2434 670 2496 cupreo
685 2411 734 2474 vei
749 2411 789 2473 de
805 2431 884 2473 enea
899 2419 931 2471 et
946 2409 1001 2474 diu
1017 2408 1135 2494 poteris
1150 2430 1340 2475 conservare
1355 2412 1410 2475 bo‘

310 2535 396 2577 num.
434 2513 468 2576 Si
483 2513 603 2598 nigrior
618 2513 714 2578 fuerit
728 2533 812 2598 pone
827 2510 1057 2597 aliquantulum
1072 2510 1202 2575 saffram
1217 2512 1325 2577 valde
1340 2514 1409 2600 pul·

310 2637 382 2678 vere
397 2615 477 2679 ossis
492 2614 660 2678 combusti.
706 2614 741 2677 Si
756 2613 848 2678 citius
859 2613 907 2677 vis
923 2613 1110 2693 illuminare,
1126 2614 1234 2699 accipe
1250 2614 1291 2678 de
1303 2616 1409 2679 vitello

309 2716 361 2780 ovi
376 2717 473 2795 crudi,
489 2726 521 2780 et
540 2716 638 2779 misce
658 2738 732 2780 cum
755 2737 793 2779 eo
808 2714 906 2778 viride
923 2712 1074 2778 mellum²
1088 2716 1138 2779 vel
1152 2716 1273 2796 vinum,
1288 2732 1407 2783 etcum

309 2818 370 2881 hoc
390 2819 509 2905 liquore
530 2819 613 2882 mole
634 2840 731 2904 supra
750 2824 872 2903 petram
888 2816 999 2894 viride,
1022 2826 1054 2881 et
1069 2817 1143 2882 inde
1158 2818 1360 2905 distempem,
1375 2830 1406 2884 et

308 2920 354 2984 sic
370 2920 489 2985 bonum
504 2920 573 2984 erit.

675 3369 721 3412 DE
744 3370 852 3414 muno
876 3369 1046 3412 amarum.

386 3517 544 3584 IGNUM
560 3517 668 3582 brisilli
682 3517 809 3581 cultello
833 3515 954 3581 raditur
975 3516 1008 3578 in
1023 3537 1100 3579 vase
1121 3512 1153 3579 et
1171 3516 1405 3602 superfunditur

419 3623 446 3684 ei
461 3622 565 3684 clarea
579 3619 642 3683 ovi.
680 3619 756 3694 Quo
771 3628 911 3704 peracto,
925 3625 957 3681 et
971 3626 1141 3705 postquam
1156 3618 1289 3704 coeperit
1303 3631 1404 3684 matu·

307 3746 430 3787 rescere
444 3723 571 3809 ponitur
592 3722 625 3784 in
641 3744 679 3785 eo
702 3722 829 3784 alumen
844 3719 929 3783 circa
946 3741 1128 3784 mensuram
1143 3742 1331 3806 congruam,
1346 3723 1404 3785 hoc

307 3825 460 3889 brisillum
475 3834 645 3909 postquam
661 3832 854 3887 maturatum
866 3821 969 3899 suerit,
985 3822 1178 3886 emitendum
1193 3832 1243 3886 est
1256 3823 1360 3909 liquor
1373 3834 1403 3886 et

306 3928 341 3991 in
362 3948 464 3990 conca
486 3925 547 3988 alia
569 3925 787 3988 reservandus.
833 3920 908 3998 Quo
929 3923 1027 4002 sacto,
1052 3924 1164 3988 iterum
1187 3925 1338 4009 ponenda
1359 3933 1405 3988 est

307 4031 411 4094 clareo
428 4028 462 4091 in
481 4026 594 4092 eodem
612 4026 742 4105 brisillo,
764 4034 797 4088 ct
816 4033 989 4112 postquam
1009 4034 1169 4090 maturata
1189 4026 1284 4090 suerit
1302 4038 1404 4092 extra·

308 4132 414 4197 henda
428 4139 485 4195 est.
531 4128 629 4204 Quod
645 4127 768 4191 tamdid
782 4128 840 4190 fiat
854 4127 1008 4214 quamdiu
1018 4127 1169 4191 brisillum
1184 4128 1303 4192 claram
1318 4131 1403 4193 illam

307 4233 545 4301 incolorararit:
571 4231 633 4295 hoc
660 4239 767 4293 autem
791 4250 879 4308 cave,
910 4251 950 4293 ne
979 4229 1054 4293 bris.
1081 4230 1149 4293 sine
1178 4230 1317 4297 alumine
1341 4234 1403 4298 dis·

308 4346 463 4423 temperes
493 4333 633 4421 alioquin
660 4355 680 4396 a
710 4352 903 4417 pergameno
932 4342 1035 4395 totum
1065 4332 1139 4395 bris.
1169 4334 1324 4418 paulatim
1349 4336 1402 4400 de-

471 4472 479 4504 ¹
496 4478 510 4499 ·‘
519 4472 618 4535 ignem,’'
628 4471 750 4534 supposita
761 4477 799 4517 at.
983 4470 992 4498 ²
1010 4472 1025 4494 “
1034 4468 1150 4516 melinum
1159 4469 1172 4488 ”
1182 4485 1220 4532 qn.
1231 4471 1240 4517 t
