3090 5174
340 543 403 603 372
696 560 885 604 'rusosnrm
911 561 1014 604 arasa
1038 562 1091 605 111.

338 715 419 776 tellae
437 713 544 777 atalia
562 735 635 775 rasa
653 713 766 798 lignea,
788 714 830 775 ita
852 723 887 775 ut
905 735 968 777 una
986 715 1156 800 columpna
1174 714 1305 792 firmiter
1318 723 1387 791 stet,
1402 725 1429 775 et

338 816 436 879 altera
452 827 625 894 moveatur,
641 839 712 902 quae
723 826 830 879 tamen
845 838 917 879 cum
933 816 1080 902 apposita
1094 817 1188 882 fuerit
1202 817 1331 882 inferius
1345 819 1428 882 clavo

337 919 423 981 terrui
442 919 625 984 firmabitur.
666 919 753 984 Inter
768 920 953 1005 columpnas
969 928 1072 984 statue
1088 920 1223 984 formam
1238 930 1270 984 et
1285 932 1429 1006 utrosque
1505 964 1506 995 r

337 1022 445 1084 clavos
469 1022 500 1084 in
524 1023 589 1085 suis
612 1022 828 1099 foraminibus,
851 1023 1049 1108 corrigiaque
1071 1023 1155 1086 circa
1175 1023 1299 1107 lignum
1321 1022 1427 1109 posita,

338 1132 433 1209 atque
454 1125 582 1188 sedente
602 1148 700 1211 puero
721 1125 774 1212 qui
795 1148 866 1188 earn
888 1127 1002 1205 trahat,
1021 1125 1163 1189 tornabis
1181 1126 1263 1189 sicut
1285 1126 1429 1211 placuerit

337 1249 506 1313 ceramque
522 1251 723 1314 superpones.
771 1227 846 1302 Qua
869 1227 1010 1290 similiter
1032 1230 1166 1308 tornata,
1189 1229 1311 1292 educa
1325 1251 1428 1292 manu·

338 1331 406 1393 brio
429 1332 564 1393 formam
587 1353 658 1393 cum
682 1330 775 1409 ferro,
796 1330 1012 1416 appositisque
1026 1331 1189 1416 spiraculis
1209 1342 1242 1395 et
1255 1332 1369 1417 argilla
1382 1352 1428 1394 su·

338 1433 492 1517 perducta
501 1443 595 1519 atque
605 1433 733 1510 siccata,
744 1433 820 1518 ejice
832 1454 938 1496 ceram
948 1432 1029 1495 etad
1040 1433 1273 1519 recoquendum
1284 1434 1317 1497 in
1330 1435 1427 1498 forna-

338 1557 407 1598 cem
420 1557 513 1619 pone,
524 1536 619 1599 modo
640 1558 705 1621 quo
721 1536 872 1621 superins.
910 1534 1057 1621 Cumque
1071 1535 1200 1599 interius
1215 1536 1345 1603 omnino
1359 1558 1427 1600 can·

337 1637 441 1701 duerit
455 1640 533 1723 ejice
542 1639 583 1701 ab
599 1638 682 1724 igne,
698 1649 730 1702 et
745 1638 869 1701 sicsine
879 1639 987 1723 jacere
999 1639 1101 1701 donec
1116 1637 1326 1723 refrigeretur,
1340 1639 1383 1702 ita
1396 1648 1426 1701 ut

337 1742 369 1804 in
382 1742 478 1805 manfr
488 1742 683 1826 aliquantum
698 1741 799 1826 possit
809 1740 917 1804 teneri.
952 1740 1129 1826 Statimque
1140 1741 1310 1826 liquefacto
1319 1751 1425 1826 stagno

336 1846 369 1907 in
385 1846 500 1929 patella
523 1846 631 1922 ferrea,
653 1844 718 1907 sive
738 1844 882 1923 intesta,
903 1866 976 1907 cum
997 1854 1121 1929 tempus
1140 1843 1232 1907 fuerit
1247 1842 1424 1908 infundendi
1505 1836 1506 1877 ἢ

336 1949 502 2033 adjiciatur
523 1949 550 2011 ei
575 1948 735 2012 modicum
751 1947 813 2010 vivi
835 1947 969 2045 argenti,
991 1947 1035 2011 ita
1057 1958 1104 2027 ut,
1126 1946 1152 2010 si
1171 1956 1221 2012 est
1235 1948 1314 2012 libra
1328 1947 1424 2033 stagni
1505 1990 1506 2049 3

335 2051 496 2137 quadrans
505 2051 546 2114 sit
557 2051 619 2113 vivi
630 2051 763 2135 argenti,
773 2061 805 2113 et
817 2051 884 2113 sine
898 2072 986 2113 mora
998 2050 1109 2113 formae
1117 2050 1311 2115 infundatur.
1350 2049 1424 2125 Qua
1505 2082 1506 2107 r

337 2177 409 2219 cum
428 2155 521 2217 fuerit
541 2155 669 2219 omnino
690 2153 882 2237 refrigerata,
913 2153 1078 2239 frangatur
1097 2154 1234 2217 exterius
1257 2154 1375 2239 argilla,
1397 2162 1424 2215 et

338 2257 475 2342 reposito
494 2256 671 2333 manubrio,
687 2256 791 2320 denuo
806 2256 838 2317 in
858 2256 1066 2320 tornatorium
1087 2266 1266 2341 reponatur,
1282 2265 1377 2342 atque
1390 2274 1423 2317 ex

338 2360 423 2422 omni
440 2367 528 2444 parte
543 2359 704 2445 aequaliter
719 2367 870 2435 tornatur,
892 2358 933 2421 ad
950 2359 1092 2422 ultimum
1109 2381 1183 2423 vero
1207 2359 1360 2444 asperelli
1374 2378 1424 2442 po·

337 2462 437 2525 liatur.
478 2461 559 2524 Post
574 2462 642 2523 haec
659 2462 818 2525 modicum
834 2461 943 2547 accipe
958 2461 999 2525 de
1013 2462 1132 2526 eisdem
1149 2460 1265 2524 rasuris
1280 2458 1382 2546 stagni
1394 2466 1423 2520 et

337 2566 509 2629 commisce
519 2587 629 2649 parurn
642 2564 704 2626 vivi
715 2564 847 2648 argenti,
860 2563 1030 2651 digitisque
1041 2564 1103 2628 tuis
1116 2564 1242 2628 fricabis
1252 2563 1352 2627 donec
1361 2583 1422 2625 om·

336 2670 411 2735 nino
426 2669 584 2755 liquefiat;
601 2668 708 2753 sicque
718 2689 792 2731 cum
808 2669 977 2752 panniculo
993 2668 1075 2731 circa
1087 2668 1261 2753 ampullam
1276 2653 1423 2732 tomando

335 2773 424 2836 linies
448 2772 655 2859 quoadusque
682 2774 765 2834 sicca
788 2780 821 2833 et
844 2772 930 2834 clara
953 2779 1133 2850 remancat;
1165 2771 1303 2836 deducto
1326 2778 1421 2834 autem

337 2873 419 2938 ferro
440 2886 472 2937 et
491 2875 628 2937 interiori
652 2873 772 2959 argilla,
796 2873 880 2936 circa
904 2871 1047 2936 foramen
1071 2872 1199 2937 inferius
1217 2873 1252 2937 iu
1277 2896 1340 2961 quo
1361 2880 1423 2935 erat

337 2976 462 3054 ferrum,
486 2976 586 3039 fodies
602 2976 634 3038 iu
649 2975 754 3038 medio
769 2985 884 3060 stagno
899 2975 1062 3055 fossulam,
1084 2985 1117 3040 et
1130 2977 1164 3039 in
1178 2999 1217 3041 eo
1227 2977 1344 3063 junges
1356 2995 1420 3060 par·

334 3079 463 3140 ticulam
478 3079 621 3163 ejusdem
637 3078 751 3163 stagni,
774 3078 898 3143 modice
915 3078 1097 3163 spissiorem
1115 3100 1213 3165 quam
1228 3079 1270 3144 sit
1284 3077 1420 3165 ampulla,

336 3190 432 3266 atque
453 3180 584 3242 interius
607 3201 689 3264 pone
712 3181 831 3266 lignum
854 3181 1037 3262 rotundum,
1063 3183 1115 3246 cui
1136 3181 1288 3246 innitatur
1309 3190 1420 3246 utnon

336 3283 551 3371 complicetur,
567 3292 599 3346 et
621 3305 695 3346 cum
717 3282 868 3346 mediocri
890 3283 1003 3347 malleo
1018 3284 1155 3349 exterius
1169 3294 1307 3371 percute,
1329 3285 1419 3348 donec

336 3388 466 3451 fossuris
487 3388 548 3450 illis
569 3386 737 3450 inducatur
758 3396 790 3449 et
811 3386 942 3450 firmiter
963 3394 1034 3451 stet
1088 3385 1191 3450 Aliter
1211 3387 1307 3451 etiam
1327 3386 1418 3471 ipsum

335 3490 478 3554 foramen
498 3489 660 3553 obstruere
682 3498 782 3573 potes.
829 3487 952 3574 lupone
972 3490 1119 3576 ampullae
1136 3491 1259 3576 lignum
1275 3498 1419 3570 utsupra,

335 3593 422 3678 quod
439 3593 470 3654 in
486 3591 668 3655 summitate
687 3590 858 3676 panniculo
873 3591 1024 3672 involves,
1045 3592 1273 3679 plumbumque
1288 3587 1417 3674 simplex,

336 3695 368 3756 in
383 3694 547 3773 foramine,
571 3715 642 3757 rasa
664 3703 695 3757 et
717 3714 790 3757 cera
810 3692 903 3772 illico,
926 3693 1131 3780 liquefactum
1152 3694 1310 3773 infundes,
1331 3687 1416 3754 etita

336 3795 520 3860 festinanter
534 3817 606 3859 cum
621 3797 767 3860 malleolo
782 3795 933 3882 aequabis.
1137 3780 1144 3791 .
