3018 5170
313 489 376 552 332
660 508 852 552 rasorium
876 509 981 552 arasa
1004 510 1056 552 111.

312 682 373 744 que
391 660 498 722 ioruaae
521 669 553 723 et
568 682 673 738 sexus,
695 683 767 746 quae
789 660 950 745 impressae
972 684 1049 726 auro
1064 662 1113 726 vel
1129 669 1263 748 argento
1284 670 1339 725 seu
1352 681 1403 722 cu·

312 783 369 846 pro
384 763 546 839 deaurato,
569 763 737 849 plurimum
760 761 883 826 decoris
907 772 1058 848 praestant
1077 764 1167 842 locis,
1181 763 1298 851 quibus
1318 763 1404 847 inpo-
1491 748 1492 753 ἵ

313 874 438 942 nuntur,
461 874 589 949 propter
611 864 816 928 subtilitatem
839 874 872 929 et
893 867 1126 951 operositatem.
1172 866 1269 930 Fiunt
1287 875 1319 929 et
1331 866 1404 928 ima·

313 966 402 1050 gines
417 988 528 1049 regum
551 974 584 1030 et
605 967 745 1053 equitum
768 967 882 1031 eodem
904 968 1002 1032 modo
1025 968 1119 1048 ferro,
1142 991 1183 1034 ex
1197 969 1314 1055 quibus
1328 966 1405 1031 auri·
1491 986 1492 997 ³

312 1068 402 1131 calco
429 1067 602 1154 Hispanico
629 1068 777 1155 inpressis
807 1079 959 1134 ornantur
985 1070 1101 1156 pelves,
1128 1070 1245 1157 quibus
1269 1090 1351 1156 aqua
1374 1068 1404 1131 iu
1491 1088 1492 1155 ξ

313 1170 459 1232 manibus
474 1170 624 1249 funditur,
641 1171 753 1235 eodem
768 1174 865 1237 modo
883 1195 948 1260 quo
968 1182 1121 1236 ornantur
1140 1172 1254 1259 scyphi
1269 1193 1345 1236 auro
1359 1170 1403 1232 vel

314 1280 544 1357 arge11t0,cum
567 1274 631 1336 suis
652 1274 757 1337 limbis
780 1275 921 1360 ejusdem
938 1276 1067 1353 metalli,
1090 1275 1254 1362 inquibus
1271 1272 1404 1337 bestiolae
1491 1288 1492 1361 ξ

314 1373 362 1435 vel
385 1395 458 1436 aves
481 1384 512 1436 et
534 1374 667 1453 flosculi,
690 1375 744 1461 qui
767 1384 875 1442 tamen
898 1399 963 1442 non
984 1378 1201 1463 configuntur,
1225 1377 1284 1441 sed
1299 1384 1402 1460 stagno
1491 1376 1492 1415 ³

314 1476 497 1539 solidantur.

587 2064 825 2161 CAPUT
884 2066 1128 2164 LXXVI.

765 2318 811 2361 DE
834 2318 966 2362 cmm.

395 2483 507 2547 IUNT
529 2492 634 2547 autem
650 2482 730 2546 clavi
753 2483 843 2546 ferrei
866 2484 1064 2571 longitudine
1079 2485 1171 2548 unius
1185 2486 1290 2572 digiti,
1305 2488 1335 2550 in
1349 2507 1404 2550 una

415 2585 597 2649 summitate
613 2585 795 2668 grossiores,
812 2585 844 2648 in
864 2586 964 2651 altera
979 2586 1169 2674 graciliores,
1185 2587 1301 2676 inqua
1318 2589 1402 2653 etiam

315 2686 452 2773 chalybe
475 2687 632 2751 solidandi
653 2696 737 2768 sunt,
758 2709 894 2774 quorum
917 2711 997 2753 unus
1018 2688 1144 2752 limetur
1164 2690 1403 2776 quadrangulus,

317 2789 399 2855 alius
429 2790 615 2876 triangulus,
641 2790 750 2853 tertius
779 2790 942 2869 rotundus,
973 2791 1147 2855 secundum
1173 2794 1404 2856 convenientem

318 2895 575 2979 grossitudinem.
621 2892 748 2958 Deinde
782 2894 967 2978 sculpantur
998 2894 1031 2956 in
1066 2894 1111 2957 eis
1143 2894 1265 2959 flosculi
1303 2895 1404 2961 eodem

318 2996 425 3073 modo,
446 3019 510 3084 quo
529 3019 635 3082 supra,
657 2996 701 3058 itu
720 3005 757 3059 ut
777 3017 833 3059 ora
850 2995 923 3059 ferri
945 2995 1028 3060 circa
1048 2996 1212 3061 flosculum
1235 3008 1330 3062 acuta
1346 2998 1404 3061 fiat

319 3097 466 3184 Cumque
481 3098 573 3162 valde
596 3107 793 3162 attenuatum
816 3098 910 3163 fiterit
930 3108 1097 3186 argentum
1120 3100 1184 3165 sire
1206 3123 1338 3187 cuprum
1357 3100 1404 3164 de·

317 3209 472 3279 auratum,
485 3202 533 3264 vel
545 3201 747 3279 auricalcum,
758 3202 791 3264 in
804 3201 956 3287 superiori
967 3211 1056 3287 parte
1072 3203 1182 3288 polias,
1195 3213 1231 3267 ut
1246 3226 1357 3291 supra3
1376 3202 1403 3278 iu

318 3303 454 3368 inferiori
470 3326 543 3368 vero
565 3303 824 3391 superstagnabis
840 3303 932 3368 valde
956 3309 1050 3370 tenue
1072 3326 1144 3368 eum
1168 3305 1260 3384 ferro,
1281 3329 1345 3393 quo
1365 3304 1404 3367 le·

318 3415 431 3471 nestrae
446 3408 630 3487 solidantur,
645 3429 809 3493 ponesque
823 3406 988 3493 plumbum
1004 3407 1143 3493 spissum
1159 3430 1253 3495 super
1266 3409 1403 3473 incudem

318 3519 351 3574 et
368 3510 502 3596 desuper
519 3519 696 3596 argentum,
715 3509 780 3573 sive
799 3531 932 3595 cuprum
951 3509 1150 3590 deauratum,
1168 3512 1212 3575 ita
1231 3522 1266 3576 ut
1283 3513 1404 3577 deaura-

318 3622 390 3676 tura
404 3614 546 3699 superius
561 3613 602 3676 sit
616 3621 648 3676 et
659 3621 808 3698 stagnum
821 3611 949 3675 inferius
957 3637 966 3691 ;
987 3621 1177 3699 sumptoque
1187 3636 1251 3678 uno
1262 3637 1303 3679 ex
1315 3614 1403 3692 serris,

318 3715 411 3803 quale
438 3715 525 3795 velis,
558 3715 660 3801 junge
689 3715 882 3800 sculpturam
911 3713 953 3777 ad
988 3722 1167 3801 argentum,
1196 3717 1404 3804 percutiesque

318 3817 432 3882 malleo
446 3817 491 3881 itu
504 3827 541 3882 ut
560 3818 721 3905 sculptura
737 3817 824 3882 ineo
842 3824 1002 3903 appareat,
1022 3827 1055 3881 et
1072 3840 1145 3882 cum
1163 3827 1257 3883 acuta
1272 3843 1327 3884 ora
1342 3819 1404 3883 seni

317 3919 351 3981 in
366 3918 496 3983 circuitu
511 3919 677 3985 incidatur.
719 3921 817 3997 Quod
833 3943 905 3985 cum
920 3942 977 4006 per
992 3929 1095 3984 totum
1110 3932 1277 4009 argentum
1293 3922 1403 3999 leceris,

317 4044 409 4089 serva
431 4023 490 4088 tibi
511 4023 662 4089 flosculos
686 4046 807 4105 omnes,
831 4023 906 4111 quia
931 4023 977 4086 illi
1000 4035 1093 4088 erunt
1115 4025 1221 4109 oapita
1241 4026 1404 4100 clavorum,

318 4147 453 4214 quorum
478 4126 598 4191 caudas
623 4125 686 4191 hoc
711 4127 808 4193 modo
838 4127 946 4192 facies.
991 4126 1175 4192 Commisce
1203 4127 1284 4192 duas
1308 4136 1404 4214 partes

317 4228 434 4318 stagni,
449 4237 482 4294 et
499 4228 625 4293 tertiam
644 4229 777 4315 plumbi,
798 4240 831 4296 et
847 4239 974 4317 percute
992 4230 1068 4295 illud
1090 4230 1207 4316 gracile
1221 4240 1255 4294 et
1271 4230 1404 4316 longum,

319 4330 433 4396 deinde
452 4331 598 4419 pertrahe
616 4354 671 4418 per
689 4331 843 4397 foramina
862 4333 943 4412 ferri,
963 4333 996 4396 in
1016 4354 1080 4420 quo
1101 4332 1155 4395 lila
1175 4332 1351 4411 trahuntur,
1365 4331 1405 4394 ita

318 4442 354 4496 ut
375 4435 594 4522 longissimum
615 4435 701 4499 filum
726 4434 852 4513 habeat,
872 4443 904 4498 et
920 4458 984 4500 non
1007 4429 1123 4521 gracile
1146 4434 1251 4514 nimis,
1270 4427 1325 4501 sed
1346 4454 1404 4497 me
