3018 5170
344 558 407 624 342
692 583 879 630 rusorurcr
906 586 1007 629 mssa
1030 588 1082 630 ιιι.

342 755 410 796 rum
426 755 553 798 curvum
570 759 625 822 per
640 738 724 823 quod
740 741 959 815 circumdatur,
970 741 1064 826 juxta
1079 736 1209 804 modum
1225 740 1301 827 ligni
1317 742 1349 804 in
1365 765 1427 829 quo

343 838 476 902 volvitur
499 841 638 917 runcina,
668 853 700 905 et
722 843 753 904 in
776 845 874 906 altera
900 844 1081 907 summitate
1109 844 1233 929 gracile,
1257 846 1428 908 secuudum

343 963 521 1006 mensuram
545 943 698 1009 inferioris
712 947 823 1032 capitis
838 947 959 1024 listulae,
982 968 1045 1034 qua
1060 947 1246 1010 conflatorio
1261 948 1359 1011 debet
1373 950 1428 1012 im-

342 1046 428 1130 poni,
473 1046 597 1112 Deinde
619 1058 796 1114 attenuetur
818 1072 947 1136 cuprum
970 1071 1083 1136 purum
1098 1061 1130 1113 et
1152 1051 1365 1129 sanissimum,
1388 1052 1429 1114 ita

342 1158 377 1212 ut
391 1151 505 1236 unguis
520 1151 689 1237 impressus
704 1153 804 1218 alteria
819 1164 907 1240 parte
927 1163 1086 1240 appareat.
1132 1152 1227 1228 Quod
1250 1175 1324 1218 cum
1339 1155 1429 1219 fuerit

341 1254 512 1316 secundum
536 1275 714 1318 mensuram
737 1255 808 1319 ferri
829 1257 978 1320 lineatum
998 1266 1031 1320 et
1052 1257 1186 1320 incisum
1209 1258 1250 1321 ad
1273 1258 1428 1346 longiores

340 1356 470 1433 listulas,
497 1378 567 1442 quae
582 1358 728 1421 dicuntur
751 1381 872 1443 graves,
893 1361 949 1423 fiat
966 1360 1137 1424 secundum
1160 1371 1354 1447 praeceptum
1369 1364 1426 1426 lec-

340 1458 432 1521 tionis
445 1459 595 1540 soramen,
607 1461 712 1549 inquo
728 1463 880 1547 plectrum
891 1463 1009 1547 inrponi
1024 1463 1128 1543 debet,
1140 1473 1172 1527 et
1183 1465 1427 1529 circumradatur

341 1564 463 1629 modice
476 1565 515 1629 ad
532 1589 710 1630 mensuram
728 1566 854 1630 sestucae
864 1566 886 1643 ¹,
899 1588 936 1630 ac
952 1566 1171 1652 superliniatur
1182 1576 1332 1653 stagnum
1350 1569 1424 1632 ferro

341 1667 531 1747 solidatorio,
547 1669 736 1756 radaturque
762 1670 794 1732 iu
817 1692 873 1734 ora
895 1670 1099 1757 longitudinis
1121 1670 1260 1750 interius,
1276 1672 1309 1734 iu
1333 1672 1422 1735 altera
1482 1604 1484 1733 l

339 1794 395 1836 ora
410 1773 545 1835 exterius
567 1773 678 1836 eadem
694 1794 850 1852 mensura,
873 1783 905 1838 et
924 1782 1181 1860 superstagnetur
1196 1771 1301 1837 tenue.
1348 1774 1422 1850 Quae

338 1884 532 1960 stagnatura,
555 1876 735 1961 priusquam
751 1876 813 1939 rasi
828 1885 947 1941 tractus
966 1877 1088 1941 noviter
1103 1877 1188 1956 facti,
1207 1872 1334 1942 modice
1349 1878 1421 1942 cale
1483 1934 1484 1937 ,

339 1977 422 2042 facto
447 2001 544 2064 cupro
559 1980 715 2042 lineautur
729 2001 802 2043 eum
825 1981 927 2044 resina
948 1981 1070 2061 abietis,
1093 1990 1128 2044 nt
1142 1992 1292 2067 stagnum
1309 1981 1420 2044 facilius
1483 2052 1484 2071 χ

338 2082 504 2147 adhaereat.
550 2083 624 2159 Quo
639 2084 723 2147 facto
738 2084 942 2168 complicetur
951 2083 1053 2170 ipsum
1069 2106 1199 2168 cuprum
1214 2085 1299 2149 circa
1314 2087 1418 2149 ferrum

337 2194 369 2248 et
387 2186 617 2273 circumligetur
639 2187 692 2251 filo
708 2186 808 2251 ferreo
830 2186 1029 2251 mediocriter
1050 2208 1161 2273 grosso
1177 2187 1313 2267 fortiter,
1335 2188 1377 2251 ita
1389 2197 1418 2249 ut
1482 2206 1484 2279 j

336 2290 473 2373 stagnati
495 2298 613 2354 tractus
635 2290 824 2353 conveniant
846 2289 916 2354 sibi.
963 2289 1058 2365 Quod
1084 2290 1172 2353 filum
1195 2290 1299 2375 primo
1322 2289 1416 2353 induci
1482 2284 1484 2343 l

336 2392 432 2456 debet
446 2395 576 2478 parvulo
591 2394 745 2472 foramini,
768 2393 854 2480 quod
869 2393 964 2458 estin
979 2392 1086 2480 gracili
1101 2391 1283 2456 summitate
1297 2392 1378 2471 ferri,
1390 2403 1416 2456 et

335 2496 368 2559 in
383 2518 422 2561 eo
438 2497 485 2560 bis
500 2497 708 2585 contorqueri,
731 2498 837 2585 sicque
856 2496 970 2562 deduci
985 2497 1017 2561 in
1033 2495 1188 2561 volvendo
1207 2517 1309 2583 usque
1324 2496 1362 2560 ad
1376 2496 1414 2559 al-

335 2608 434 2664 teram
450 2602 672 2681 summitatem,
695 2602 800 2689 suique
816 2600 958 2666 similiter
979 2600 1148 2666 obfirmari.
1195 2598 1323 2665 Deinde
1333 2603 1414 2687 junc-

335 2704 411 2769 turis
426 2705 484 2769 sibi
500 2705 757 2770 couvenientrlrus
772 2713 804 2770 et
817 2704 983 2792 diligenter
997 2704 1183 2791 conjunctis,
1204 2714 1341 2792 ponatur
1353 2703 1412 2791 ipsl

334 2807 469 2893 ligatum
479 2809 593 2895 pariter
603 2828 675 2872 cnm
686 2808 766 2872 ferro
778 2818 853 2873 ante
864 2809 1023 2873 fornacem
1035 2830 1128 2895 super
1137 2830 1254 2894 prunas
1267 2809 1412 2880 ardentes,

334 2920 366 2974 et
380 2913 507 2975 sedente
522 2934 618 2998 puero
633 2922 665 2976 et
680 2911 876 2976 mediocriter
889 2910 997 2991 flaute,
1020 2920 1163 2976 teneatur
1177 2911 1310 2978 dexteris
1327 2931 1411 2975 manu

333 3015 453 3100 lignum
468 3016 593 3100 gracile,
615 3016 647 3078 in
661 3016 750 3101 cujus
765 3016 944 3080 summitate
959 3016 1044 3093 fissa,
1062 3014 1222 3079 adhaereat
1235 3013 1410 3101 panniculus

334 3141 405 3183 cum
418 3119 530 3198 resina,
541 3128 573 3183 et
582 3114 707 3184 sinistris
715 3129 858 3184 teneatur
867 3128 1015 3206 stagnum
1024 3119 1156 3204 longum
1167 3119 1284 3204 gracile
1295 3138 1409 3206 percus·

335 3247 414 3304 sum,
426 3234 461 3288 ut
476 3246 551 3288 mox
566 3246 639 3288 cum
653 3224 760 3288 fistula
771 3222 942 3301 incaluerit,
957 3221 1055 3286 lineat
1063 3222 1246 3308 juncturam
1257 3244 1329 3286 cum
1343 3242 1408 3306 pan·

334 3327 438 3391 niculo
448 3327 549 3391 resina
557 3328 683 3406 inlecto,
693 3327 1089 3413 appositumquestaguum
1098 3324 1247 3410 liquefiat,
1257 3323 1406 3409 ipsamque

329 3430 704 3518 juncturam²diligerrter
713 3429 897 3494 consolidet.
934 3426 1009 3504 Quo
1021 3427 1139 3492 factore
1150 3427 1295 3513 frigerata
1304 3425 1406 3497 fistula,

334 3548 468 3622 ponatur
479 3536 594 3599 sermm
606 3535 638 3597 in
648 3533 854 3597 instrumento
865 3532 1032 3596 tomamris
1044 3553 1132 3595 more
1141 3541 1260 3617 parato,
1272 3531 1302 3593 iu
1313 3528 1405 3616 posito

332 3667 394 3729 que
409 3667 504 3707 curvo
519 3643 600 3707 ferro
620 3651 652 3706 et
671 3643 724 3705 filo
745 3643 849 3733 solato
865 3640 983 3705 circum
999 3640 1105 3707 volvat
1119 3661 1200 3703 unus
1219 3638 1331 3702 ferrum
1346 3656 1403 3699 cur·

332 3769 417 3824 vum,
429 3747 506 3810 alter
518 3769 600 3826 vero,
615 3746 754 3832 utrisque
767 3744 911 3808 manibus
922 3740 1132 3808 chirothecis⁸
1145 3742 1271 3819 indutis,
1281 3739 1401 3804 fistulam

332 3850 451 3913 sortiter
470 3859 586 3930 teneat,
609 3850 652 3913 ita
671 3858 706 3912 ut
726 3849 841 3911 ferrum
863 3847 1114 3911 circumducatur
1135 3855 1166 3911 et
1185 3847 1289 3910 fistula
1308 3842 1400 3930 quieta

655 4011 660 4037 ¹
678 4014 694 4039 ‘⁴
706 4009 809 4068 fistule?
821 4011 848 4059 r'n
858 4011 914 4059 cod.
928 4010 1025 4072 (eulpa

654 4090 664 4118 ¹
680 4093 819 4141 addidimru
829 4108 856 4140 ex
868 4092 924 4140 eod
938 4090 1035 4156 usurpa

652 4173 725 4223 ’nte
735 4174 803 4223 rodet
820 4173 974 4236 “cymtecis'
991 4174 1062 4221 labet.
