3018 5170
672 517 863 561 TllEOPHlLI
888 518 992 562 blatta
1015 518 1067 560 111.

628 886 857 982 CAPUT
914 887 1105 983 LXIX.

497 1140 669 1191 Quanrrssa
692 1138 893 1183 SEPARE'I'UR
915 1139 1037 1185 AURUM
1062 1140 1083 1183 A
1107 1141 1234 1186 cosm.

402 1289 501 1352 UOD
524 1289 550 1352 si
572 1289 743 1376 aliquando
765 1311 842 1353 vasa
869 1311 985 1375 cuprea
1012 1313 1068 1354 seu
1091 1298 1247 1376 argentea
1270 1289 1417 1353 deaurata

423 1391 560 1476 fregeris,
590 1392 639 1455 vel
665 1392 749 1456 alind
776 1393 942 1479 quodlibet
967 1415 1059 1478 opus,
1089 1393 1151 1458 boc
1175 1393 1280 1458 modo
1311 1413 1416 1455 aurum

318 1513 462 1578 separare
483 1493 608 1577 poteris.
653 1493 742 1558 Tolle
762 1517 836 1558 ossa
858 1497 1086 1584 cujuscumque
1105 1496 1255 1561 animalis
1277 1495 1416 1572 volueris,

318 1616 388 1681 quas
403 1616 458 1679 per
473 1596 611 1680 plateam
626 1598 790 1675 inveneris,
812 1608 845 1661 et
861 1597 1012 1677 conbure,
1026 1621 1099 1685 quae
1115 1599 1306 1685 refrigerata
1321 1597 1416 1661 minn-

318 1697 408 1760 tatim
424 1708 498 1777 tere,
521 1707 553 1761 et
567 1699 689 1763 tertiam
707 1710 830 1786 partem
845 1702 984 1764 cinerum
1001 1723 1041 1765 ex
1056 1701 1131 1786 fago
1146 1701 1303 1779 admisce,
1324 1710 1356 1765 et
1368 1700 1414 1762 fac

317 1810 415 1864 testas
430 1801 511 1864 sicut
526 1802 557 1865 in
579 1802 774 1886 purificando
794 1813 928 1890 argento
944 1813 979 1867 ut
993 1804 1134 1889 superius
1154 1803 1318 1881 diximus3
1341 1823 1414 1889 quas

317 1903 390 1987 igne
417 1903 481 1966 sive
506 1904 572 1966 sole
596 1904 738 1969 siccabis.
793 1906 918 1970 Deinde
945 1928 1055 1970 aumm
1082 1928 1102 1970 a
1127 1928 1229 1992 cupro
1254 1907 1413 1992 diligenter

317 2005 462 2084 abrades,
485 2014 517 2069 et
531 2006 632 2091 ipsam
655 2029 794 2072 rasuram
818 2009 1022 2094 complicabis
1037 2007 1070 2072 in
1085 2009 1217 2095 plumbo
1240 2019 1337 2073 tenue
1350 2029 1413 2094 per·

317 2130 420 2187 cussa,
441 2118 537 2195 atque
551 2131 615 2174 una
630 2132 670 2173 ex
685 2111 774 2174 testis
788 2110 849 2175 illis
863 2132 972 2175 coram
988 2111 1116 2176 fornace
1130 2112 1245 2199 prunis
1261 2111 1410 2197 imposita,

311 2211 379 2294 jam
402 2234 464 2298 que
484 2212 644 2276 calefacta
666 2212 767 2297 ipsam
789 2213 1048 2299 complicatumm
1069 2213 1189 2300 plumbi
1213 2236 1292 2279 cum
1313 2232 1410 2277 rasura

316 2312 470 2397 impones,
492 2326 524 2377 et
538 2315 720 2400 superjectis
734 2315 925 2378 carbonibus
941 2315 1106 2380 conflabis.
1150 2315 1304 2404 Cumque
1318 2315 1409 2402 lique·

316 2417 437 2480 factum
453 2417 555 2495 fuerit,
567 2439 605 2480 eo
617 2417 714 2481 modo
725 2439 789 2504 quo
805 2418 886 2481 solet
897 2427 1064 2503 argentum
1076 2418 1247 2504 purificari,
1260 2417 1407 2482 interdum

317 2541 432 2604 prunas
447 2520 625 2584 amovendo
641 2531 672 2584 et
687 2521 852 2606 plumbum
867 2520 1024 2600 addendo,
1037 2521 1195 2585 interdum
1214 2519 1407 2608 recoquendo

316 2633 349 2684 et
368 2628 494 2686 morose
514 2622 621 2686 flando
643 2622 821 2701 combures,
844 2622 946 2687 donec
966 2645 1064 2709 cupro
1087 2625 1213 2710 penitus
1237 2626 1406 2709 absumpto,
1492 2632 1493 2687 i

317 2746 430 2810 purum
447 2747 557 2788 aumm
573 2736 735 2812 appareat.

631 3035 1116 3056 -ο-Δί--ῇ-τ-’ὓ-ῄ-

643 3270 876 3369 CAPUT
933 3270 1085 3371 Lxx

462 3492 631 3542 QUOMODO
655 3492 855 3536 SEPARETUR
879 3490 1000 3535 AURUM
1023 3491 1069 3534 AB
1092 3489 1262 3534 ARGENTO.

318 3641 459 3791 CUM
478 3643 589 3707 raseris
605 3665 716 3707 aumm
731 3642 773 3706 de
787 3651 930 3727 argento,
946 3643 1092 3728 imponas
1107 3641 1209 3727 ipsam
1225 3632 1401 3703 rasuramin
1492 3640 1493 3675 ³

408 3745 582 3824 vasculum,
605 3745 716 3832 inquo
732 3744 812 3809 solet
826 3765 938 3809 aurum
953 3745 1002 3808 vel
1018 3752 1184 3830 argentum
1200 3738 1357 3828 liquefieri,
1376 3742 1402 3797 et
1492 3772 1493 3829 ἦ

314 3866 408 3929 super
423 3845 555 3930 inprime
575 3847 778 3932 panniculum
793 3847 922 3926 lineum,
943 3868 986 3910 ne
1001 3846 1083 3912 forte
1097 3845 1175 3931 quid
1195 3843 1269 3908 inde
1284 3840 1400 3906 eiciam

314 3955 444 4011 avanto
460 3946 552 4026 follis,
574 3957 672 4034 atque
692 3970 801 4012 coram
822 3948 951 4013 fornace
970 3969 1091 4035 ponens
1112 3945 1267 4034 liquefac;
1291 3954 1322 4007 et
1334 3958 1399 4004 mox

314 4050 471 4134 fragmina
504 4051 663 4136 sulphuris
697 4052 823 4136 inpone,
863 4050 1036 4115 secundum
1073 4049 1281 4136 quantitatem
1314 4041 1400 4131 ipsius

315 4174 440 4232 rasurae,
471 4163 597 4217 etcum
620 4153 759 4218 carbone
787 4153 896 4239 gracili
918 4153 1084 4240 diligenter
1105 4172 1281 4229 commove,
1309 4148 1398 4211 donec

314 4259 419 4321 snmus
449 4259 517 4344 ejus
544 4268 669 4335 cesset;
705 4258 812 4321 statim
841 4256 968 4322 effunde
1002 4257 1034 4319 in
1065 4257 1181 4320 sermm
1214 4248 1398 4316 infusorium·

316 4360 442 4424 Deinde
468 4384 561 4448 super
586 4361 732 4425 incudem
759 4361 869 4425 leniter
892 4369 1031 4447 percute,
1057 4380 1097 4423 ne
1124 4358 1205 4421 forte
1233 4353 1307 4442 quid
1334 4347 1397 4413 inde

314 4465 428 4528 resiliat
441 4466 484 4528 illi
497 4465 588 4551 nigri,
599 4464 685 4552 qnod
697 4464 827 4550 sulphur
842 4463 1026 4542 combussit,
1039 4461 1113 4549 quia
1128 4461 1232 4547 ipsum
1244 4462 1394 4543 argentum
