3018 5170
658 530 848 573 'l‘llEOPHILl
873 530 976 575 munit
999 531 1050 573 111.

656 1007 890 1109 CAPUT
949 1007 1053 1102 LX.

631 1280 677 1322 ΒΕ
700 1279 905 1324 utrumnum
930 1278 1081 1323 Ducunt.

370 1482 384 1545 1
401 1503 474 1547 vero
490 1480 649 1544 thuribula
663 1480 773 1544 ductili
788 1502 884 1567 opere
901 1502 1093 1567 componere
1108 1482 1244 1545 volueris
1264 1481 1295 1544 in
1313 1502 1396 1559 auro,
1506 1490 1507 1493 ’

389 1586 438 1648 vel
463 1592 605 1670 argento,
628 1583 694 1647 sire
716 1604 826 1670 cupro,
847 1583 983 1669 primum
1005 1585 1187 1670 purificabis
1209 1585 1315 1648 ordine
1333 1600 1395 1670 quo

307 1708 413 1773 supra,
427 1696 523 1773 utque
538 1687 652 1750 fundes
668 1685 700 1748 in
715 1686 840 1750 fusoriis
856 1686 946 1750 ferris
960 1686 1041 1750 duas
1056 1706 1181 1750 marcas
1197 1688 1246 1751 rel
1260 1696 1320 1751 tres
1333 1687 1397 1749 sire

308 1800 452 1877 quatuor,
469 1788 644 1852 secundum
663 1789 872 1874 quantitatem
890 1808 986 1875 quam
1001 1789 1049 1852 vis
1071 1787 1190 1852 habere
1212 1789 1396 1874 superiorem

307 1898 431 1976 partem
453 1888 614 1953 thuribuli.
662 1889 787 1954 Deinde
809 1889 987 1953 attenuabis
1014 1889 1048 1953 in
1074 1890 1211 1953 rotulam
1234 1912 1272 1954 eo
1292 1891 1397 1954 ordine

307 2015 371 2079 quo
387 1991 530 2078 superius
549 1992 681 2055 calicem
702 1999 889 2075 argenteum
912 1989 1075 2075 majorem,
1090 2001 1227 2077 excepto
1242 1992 1325 2078 quod
1338 1992 1397 2055 hoe

307 2118 389 2182 opus
415 2094 546 2180 spissius
570 2103 602 2157 et
623 2092 809 2178 profundius
831 2092 1011 2156 ducendum
1033 2102 1083 2157 est
1103 2092 1245 2174 interius,
1260 2101 1296 2157 ut
1311 2093 1396 2158 altius

308 2197 349 2260 sit
376 2197 525 2275 euterius,
550 2196 594 2258 ita
619 2203 656 2257 ut
680 2193 814 2258 altitudo
839 2194 873 2257 in
899 2215 934 2258 se
958 2194 1058 2279 ipsius
1081 2194 1282 2259 latitudinem
1304 2204 1395 2259 totam

307 2299 424 2364 habeat
434 2312 466 2362 et
478 2299 546 2384 ejus
558 2296 769 2362 medietatem.
805 2294 905 2381 Cujus
916 2295 1114 2359 altitudinem
1126 2317 1200 2359 cnm
1211 2295 1395 2381 produxeris
1485 2348 1488 2389 .‘

309 2403 491 2488 priusquam
507 2399 706 2465 latitudinem
717 2398 927 2483 constringas,
939 2396 1086 2482 pertrahe
1100 2395 1134 2459 in
1145 2418 1184 2460 eo
1195 2406 1307 2477 turres,
1318 2397 1395 2460 ride·
1484 2402 1489 2417 '
1506 2412 1507 2447 t

309 2504 382 2567 lieet
403 2505 436 2567 in
458 2524 606 2589 supremo
628 2523 726 2566 uuam
747 2500 1017 2586 octoangulatam,
1034 2499 1067 2563 in
1081 2522 1147 2586 qua
1162 2500 1244 2564 fiant
1263 2501 1395 2586 ejusdem
1479 2506 1507 2563 ’ὲ

309 2604 430 2669 numeri
456 2604 610 2684 fenestras,
636 2604 696 2668 sub
722 2624 787 2689 qua
815 2602 896 2666 fiant
924 2611 1063 2688 quatuor
1092 2601 1265 2687 quadratae,
1292 2603 1395 2691 quibus

309 2705 442 2790 singulis
458 2706 662 2791 imponantur
677 2715 740 2770 tres
755 2705 945 2791 columpnis,
960 2714 993 2770 et
1007 2704 1088 2769 inter
1105 2726 1159 2769 eas
1175 2705 1248 2769 dure
1262 2706 1395 2771 fenestra
1495 2756 1502 2765 a.

308 2807 481 2892 producta,
506 2808 539 2872 iu
565 2828 699 2893 quarum
729 2806 834 2871 medio
862 2828 958 2893 super
981 2807 1117 2872 mediam
1145 2808 1326 2873 columnam
1347 2810 1395 2871 liat
1493 2826 1507 2869 1n

309 2910 474 2974 fenestella
489 2909 644 2990 rotundu3
669 2909 728 2973 sub
743 2909 859 2994 quibus
881 2910 914 2973 in
936 2909 1029 2973 tertio
1051 2910 1122 2974 loeo
1142 2910 1317 2975 formentur
1336 2910 1395 2975 alia

309 3022 409 3075 turres
441 3020 539 3089 octo;
574 3020 710 3098 quatuor
738 3011 884 3076 videlicet
914 3011 1060 3077 rotundae
1091 3020 1202 3077 contm
1232 3012 1396 3098 superiores
1493 3040 1503 3073 r

309 3112 458 3200 quadras,
473 3112 507 3175 in
522 3113 637 3199 quibus
652 3113 731 3176 fiant
745 3113 870 3177 flosculi
885 3121 941 3176 aut
957 3113 1088 3177 aviculas
1103 3114 1152 3177 vel
1172 3112 1325 3194 bestiola,
1339 3114 1396 3178 aire
1499 3140 1507 3179 r

310 3214 491 3294 fenestellae,
506 3223 539 3278 et
561 3214 640 3278 inter
660 3236 714 3280 eas
734 3223 873 3302 quatuor
886 3215 1028 3301 quadrua,
1042 3237 1114 3301 quoe
1133 3224 1166 3279 et
1184 3216 1313 3280 latiores
1332 3216 1395 3289 sint,
1497 3236 1504 3274 ι

310 3318 344 3380 in
358 3316 473 3403 quibus
488 3316 570 3381 fiant
583 3314 722 3380 dimidioe
736 3316 893 3404 imagines
907 3317 1104 3403 angelorum,
1120 3318 1212 3404 quasi
1227 3319 1261 3383 in
1275 3318 1319 3383 eia
1333 3336 1395 3381 eum
1500 3334 1507 3379 t

311 3419 369 3484 alis
392 3418 458 3483 sois
484 3419 671 3484 sedentium.
717 3416 785 3482 Sub
812 3418 928 3505 quibus
953 3418 986 3482 in
1011 3418 1081 3503 ipsa
1107 3418 1301 3483 rotunditate
1323 3417 1395 3482 rasis
1497 3434 1504 3492 ζ.

310 3523 390 3586 fiant
411 3531 547 3610 quatuor
569 3541 660 3585 arcus
682 3520 716 3583 iu
737 3542 887 3606 supremo
909 3520 1034 3586 modice
1058 3520 1218 3605 producti,
1237 3521 1272 3584 in
1293 3519 1397 3608 quibus
1496 3534 1498 3541 ’

311 3627 391 3690 fiant
405 3626 605 3711 evangelistas
622 3622 689 3688 sire
711 3622 744 3687 in
765 3622 872 3708 specie
893 3623 1091 3709 angelorum,
1106 3643 1163 3685 seu
1175 3622 1210 3684 in
1224 3624 1327 3708 figura
1341 3621 1398 3685 ani·
1497 3640 1502 3695 s

311 3726 459 3804 malium3
489 3727 572 3791 inter
601 3746 682 3811 quos
711 3745 803 3788 arcus
833 3746 927 3810 super
955 3725 1058 3811 ipsam
1088 3743 1177 3788 oram
1207 3721 1397 3789 rotunditatis
1498 3742 1503 3767 ⁷

311 3834 470 3912 ponantur
493 3835 630 3912 quatuor
654 3826 760 3913 capita
783 3826 912 3891 leonum
937 3827 1006 3890 sire
1028 3825 1193 3890 hominum
1218 3825 1330 3906 fusilia,
1350 3843 1398 3911 per
1500 3821 1502 3825 ’

312 3950 384 4014 quaa
398 3936 519 3991 catenoe
535 3936 709 3993 transeant.
748 3928 809 3993 His
824 3929 868 3993 ita
882 3929 1057 4015 pertractis,
1070 3950 1143 3994 eum
1154 3927 1244 3992 ferris
1258 3927 1397 3993 ductoriis

312 4039 345 4093 et
372 4028 501 4108 malleis,
523 4030 655 4093 interius
678 4039 710 4093 et
735 4031 873 4096 exterius
899 4030 1124 4116 percutiantur,
1150 4030 1253 4096 donec
1279 4030 1397 4096 omnino

312 4133 498 4209 formentur,
525 4130 634 4217 sieque
662 4131 812 4197 limentur
839 4141 872 4197 et
900 4133 1059 4212 radantur,
1086 4132 1239 4220 semime
1268 4129 1398 4198 fossoriis

312 4235 481 4299 fodiantur.
527 4233 607 4298 Haeo
633 4243 682 4299 est
707 4235 850 4320 superior
871 4257 944 4320 pars
966 4235 1102 4299 turibuli.
1149 4235 1277 4300 Deinde
1298 4253 1397 4322 percu·

312 4339 409 4403 tiatur
429 4334 557 4401 inferior
579 4357 653 4399 curn
676 4357 734 4400 suo
756 4337 849 4421 pede,
864 4337 897 4400 in
912 4359 976 4424 quo
991 4337 1070 4401 fiant
1084 4347 1222 4423 quatuor
1236 4358 1335 4414 arcus,
1348 4329 1398 4419 qui

312 4438 526 4525 respondeant
548 4436 770 4523 superioribus,
785 4439 817 4500 in
839 4439 953 4524 quibus
976 4438 1107 4525 sedeant
1120 4429 1258 4526 quatuor
1279 4437 1397 4503 flumina
