3096 5168
308 488 349 550 40
671 503 861 549 runoenrnr
885 506 987 549 arnan
1010 506 1031 548 r.

307 658 410 720 hieme
425 658 492 721 sine
508 677 602 742 aqua,
618 665 737 719 etcum
754 677 866 742 purum
882 656 985 736 fuerit,
1001 656 1090 719 mitte
1105 655 1237 719 minium
1253 656 1286 719 in
1302 679 1403 721 comu

305 770 337 824 et
355 759 485 823 infunde
500 761 631 835 clarum,
647 759 858 845 impositoque
875 758 962 843 ligno
985 780 1078 823 more
1093 759 1265 838 modicum,
1278 772 1315 823 et
1330 759 1403 822 inde

306 883 378 925 cum
391 861 524 947 pincello
540 861 635 947 imple
651 862 759 925 omnia
773 862 854 940 loca,
870 860 1034 947 inquibus
1053 882 1164 926 aumm
1179 862 1257 926 velis
1273 884 1402 948 ponere.

308 963 433 1028 Dehinc
459 985 542 1049 ponc
568 964 698 1027 ollulam
724 985 798 1028 cum
824 964 944 1049 glutine
970 985 1064 1049 super
1085 964 1250 1043 carbones,
1273 974 1402 1028 etcum

306 1065 511 1152 liquefactum
534 1064 637 1143 fuerit,
654 1065 751 1129 funde
766 1064 799 1129 in
821 1065 977 1130 concham
993 1066 1060 1130 auri
1076 1074 1108 1131 et
1130 1066 1201 1130 lara
1223 1065 1302 1131 illud
1317 1064 1401 1128 inde.

308 1167 404 1244 Quod
420 1191 493 1233 cum
508 1168 657 1233 effuderis
672 1168 705 1231 in
727 1168 823 1232 aliam
839 1166 1007 1247 concham,
1022 1168 1134 1255 inqua
1156 1177 1401 1254 purgamentum

306 1281 457 1352 servatur,
473 1293 580 1336 rursus
607 1271 738 1335 infunde
763 1274 873 1357 gluten
887 1270 1036 1351 calidum,
1051 1281 1084 1335 et
1106 1280 1218 1335 tenens
1239 1270 1275 1334 in
1295 1270 1403 1356 palma

307 1398 420 1440 manus
435 1376 579 1456 sinistrae,
595 1398 687 1440 move
707 1375 873 1461 diligenter
887 1397 960 1439 cum
983 1374 1129 1460 pincello,
1143 1385 1176 1438 et
1197 1395 1282 1459 pone
1297 1384 1402 1439 utrum

308 1479 442 1542 volueris
457 1480 594 1564 spissum
611 1489 666 1541 aut
680 1488 785 1557 tenue,
801 1477 846 1541 sic
862 1487 969 1541 tamen
984 1485 1020 1540 ut
1033 1476 1164 1562 glutinis
1175 1476 1338 1541 modicum
1353 1476 1403 1553 sit,

308 1581 382 1667 quia
397 1580 424 1644 si
446 1580 760 1665 superabundaverit,
775 1579 926 1666 nigrescit
948 1600 1059 1643 summ
1074 1588 1107 1642 et
1129 1600 1195 1642 non
1216 1578 1328 1678 recipit
1342 1579 1403 1643 ful-

308 1705 429 1768 gorem.
475 1681 653 1768 Postquam
676 1692 782 1747 autem
798 1682 950 1747 siccatum
974 1681 1077 1761 luerit,
1093 1680 1193 1767 polies
1213 1680 1292 1745 illud
1307 1681 1404 1745 dente

309 1785 357 1848 rel
367 1784 471 1869 lapide
480 1784 683 1868 sanguinario
692 1784 860 1869 diligenter
872 1784 990 1861 limata,
1002 1793 1035 1847 et
1043 1784 1143 1869 polito
1153 1804 1247 1869 super
1258 1783 1403 1847 tabulam

308 1907 456 1950 comeam
471 1886 625 1971 aqualem
640 1907 678 1949 ac
694 1886 840 1950 lucidam.
887 1883 984 1960 Quod
999 1886 1026 1949 si
1041 1884 1210 1970 contigerit
1224 1906 1281 1971 per
1303 1885 1403 1970 negli-

309 1988 449 2073 gentiam
464 1987 593 2073 glutinis
608 2007 673 2050 non
688 1988 769 2052 bene
791 1988 884 2068 cocti,
899 1998 936 2052 ut
951 2010 1062 2052 aumm
1077 1988 1110 2051 in
1125 1987 1267 2052 fricando
1282 2009 1318 2052 se
1334 1989 1402 2073 pul·

311 2101 406 2170 veret,
423 2091 471 2153 vel
496 2112 560 2175 prae
581 2090 679 2154 nimia
701 2091 904 2176 spissitudine
926 2113 960 2155 se
982 2091 1094 2171 elevet,
1110 2090 1229 2155 habeas
1250 2113 1350 2176 penes
1371 2100 1401 2154 te

309 2194 427 2257 clamm
444 2203 535 2257 vetus
558 2193 626 2257 sine
648 2215 731 2280 aqua
746 2215 942 2279 percussum,
957 2203 991 2258 et
1012 2215 1088 2258 mox
1104 2216 1175 2258 cum
1200 2195 1339 2279 pincello
1361 2194 1400 2257 de

308 2297 420 2360 eodem
445 2295 604 2360 modicum
619 2318 657 2360 ac
679 2297 789 2360 leniter
811 2319 904 2383 super
919 2318 1030 2360 aumm
1052 2296 1175 2375 liniens,
1189 2318 1263 2360 cum
1283 2297 1399 2361 siccum

310 2399 402 2461 luerit
416 2399 522 2462 denuo
537 2398 634 2463 dente
650 2399 698 2463 vel
713 2398 818 2485 lapide
833 2398 970 2463 fricabia
1016 2397 1089 2463 Hoc
1111 2399 1208 2463 modo
1222 2409 1399 2486 argentum,

309 2500 500 2563 auricalcum
517 2515 549 2562 et
564 2522 695 2585 cuprum
711 2502 742 2563 in
758 2501 822 2566 suis
837 2500 914 2565 locis
930 2523 1029 2587 pones
1044 2510 1077 2566 et
1092 2501 1227 2567 fricabis.

605 3042 836 3139 CAPUT
893 3044 1121 3139 XXXII.

362 3257 529 3308 QUOMODO
552 3263 756 3309 DBCORB'PUR
780 3264 929 3308 Plffl'URA
953 3265 1130 3309 bissonum
1155 3263 1288 3309 MAGNO
1311 3264 1353 3308 ΒΤ

782 3367 922 3411 CROOBO.

373 3512 387 3575 l
404 3535 478 3579 vero
489 3526 634 3580 neutrum
646 3516 803 3596 habueris,
816 3526 968 3582 ettamen
983 3540 1064 3603 opus
1074 3528 1163 3580 tuum
1175 3517 1398 3604 quoquomodo

385 3614 534 3680 decorare
549 3617 697 3697 volueris,
707 3618 781 3682 tolle
797 3628 946 3704 stagnum
963 3641 1076 3704 purum
1088 3630 1121 3684 et
1135 3640 1241 3681 rasum
1257 3617 1398 3682 minut-is·

311 3714 400 3793 sime,
416 3719 499 3781 mole
528 3727 560 3781 et
585 3719 656 3782 la'va
682 3721 764 3783 sicut
788 3742 911 3800 summ,
926 3732 958 3785 ct
983 3743 1067 3807 pone
1089 3721 1200 3786 eodem
1225 3719 1344 3806 glutine
1369 3719 1398 3781 iu

312 3816 409 3879 literis
425 3819 475 3882 vel
491 3819 562 3883 aliis
576 3821 665 3899 locis,
691 3845 763 3909 quoe
778 3823 914 3887 volueris
930 3845 1007 3887 auro
1023 3825 1073 3887 vel
1088 3831 1220 3909 argento
1236 3845 1357 3903 ornare,
1370 3832 1400 3886 et

311 3938 384 3981 cum
399 3918 525 4002 policris
547 3920 653 4000 dente,
669 3923 745 3987 tolle
759 3946 888 3989 crocum
910 3948 984 3988 cum
999 3948 1063 4011 quo
1079 3925 1213 3989 sericum
1235 3927 1399 4000 coloratur,

310 4017 503 4105 perfundens
518 4020 606 4085 illum
621 4024 707 4088 claro
729 4025 796 4090 sine
811 4049 905 4115 aqua,
920 4036 1040 4092 etcum
1055 4050 1112 4113 per
1132 4036 1259 4091 noctem
1274 4028 1400 4103 steterit,

311 4122 455 4208 sequenti
464 4122 515 4186 die
524 4145 596 4187 cum
607 4125 741 4210 pincello
751 4129 913 4215 cooperies
922 4131 1003 4209 loca,
1013 4153 1083 4216 quae
1092 4130 1228 4194 volueris
1237 4130 1399 4206 deaurare;

311 4233 425 4291 caetera
448 4223 565 4291 habeto
589 4227 660 4292 loco
684 4231 829 4316 argenti.⁴
864 4231 990 4296 Deinde
1014 4232 1110 4297 facies
1132 4232 1266 4296 subtiles
1285 4242 1400 4297 tractus

311 4326 395 4391 circa
409 4325 514 4425 literas
525 4337 558 4391 et
573 4328 647 4393 folia
659 4340 690 4394 et
706 4333 806 4397 nodos
819 4355 858 4397 ex
872 4334 969 4398 minio
981 4356 1053 4399 cum
1065 4357 1180 4421 penna,
1191 4345 1223 4399 et
1239 4343 1399 4419 paraturas

313 4427 569 4495 vestimentorum
585 4454 622 4495 ac
639 4444 751 4498 cutem
768 4446 962 4500 ornamenta.
