3096 5168
247 568 250 573 -
342 526 384 584 50
707 543 895 586 rrrnornrm
920 543 1021 585 mnan
1045 542 1067 585 1.

341 715 442 779 coque
454 714 569 777 nquam
586 694 740 779 usquead
757 695 880 758 tertiam
898 704 1030 780 partem,
1046 695 1154 780 sicque
1169 694 1298 779 ejiciens
1313 692 1354 754 de
1370 692 1440 777 ipso

342 794 461 859 cacabo
487 795 574 858 mitte
597 795 629 857 in
654 797 818 875 minorem,
834 807 866 860 et
888 797 1006 861 tamdiu
1034 819 1137 883 coque
1152 797 1254 860 donec
1279 795 1440 879 nigrescat
1527 804 1528 869 ᾗ

342 910 436 985 atque
467 898 596 983 incipiat
621 900 817 977 densescere,
844 898 905 963 hoc
936 899 1066 963 omnino
1093 920 1208 962 cavens
1238 920 1279 961 ne
1309 897 1437 983 aliquod

341 1002 441 1065 addas
472 1024 573 1087 aquae,
604 1014 738 1088 excepta
763 1004 815 1066 illa
838 1026 908 1089 quae
939 1025 1034 1067 succo
1065 1002 1165 1066 mixta
1187 1009 1245 1065 est.
1291 1000 1438 1086 Cumque
1527 1024 1528 1051 1

343 1105 456 1168 videris
486 1128 556 1168 enm
582 1107 777 1185 densescere,
808 1107 890 1169 adde
915 1106 977 1169 vini
1006 1105 1074 1192 puri
1098 1104 1222 1167 tertiam
1250 1113 1384 1188 partem,
1409 1116 1438 1166 et
1527 1148 1528 1153 κ

342 1208 471 1272 mittens
486 1207 517 1269 in
530 1209 608 1272 ollas
623 1231 724 1273 novas
734 1210 813 1273 duas
825 1210 874 1272 vel
886 1218 958 1288 tres,
970 1209 1091 1272 tamdiu
1103 1227 1206 1293 coque
1215 1207 1318 1269 donec
1331 1205 1438 1269 rideas
1527 1194 1528 1253 i

342 1311 428 1398 quod
445 1311 477 1373 in
493 1332 639 1396 supremo
662 1312 753 1398 quasi
775 1322 881 1376 cutem
907 1311 1021 1375 trahat.
1068 1310 1194 1373 Dehinc
1216 1309 1332 1372 tollens
1355 1310 1437 1395 ipsas

343 1414 422 1478 ollas
448 1414 489 1476 ab
514 1414 586 1499 igne
611 1436 694 1499 pone
710 1415 751 1478 ad
775 1416 874 1478 solem
895 1415 997 1478 donec
1021 1436 1056 1478 se
1071 1414 1197 1499 nigrum
1221 1411 1437 1475 incaustuma
1527 1446 1528 1451 κ

345 1518 441 1580 rubea
457 1517 535 1580 faece
560 1517 712 1601 purificet.
760 1518 880 1582 Postea
902 1519 976 1582 tolle
1000 1517 1157 1581 folliculos
1180 1536 1220 1579 ex
1245 1536 1436 1600 pergameno

343 1621 509 1706 diiigenter
524 1629 675 1683 consutos
697 1630 730 1684 et
744 1621 876 1698 vesicaS,
891 1630 924 1684 et
947 1620 1116 1683 infundens
1131 1640 1244 1704 pumm
1259 1618 1436 1680 incaustum

343 1722 500 1806 suspende
516 1722 556 1785 ad
579 1723 680 1787 solem
696 1723 797 1787 donec
817 1723 947 1786 omnino
970 1722 1113 1786 siccetur.
1158 1720 1307 1808 Cumque
1320 1721 1435 1784 siccum

344 1824 446 1899 fuerit,
462 1824 537 1887 tolle
551 1825 625 1888 inde
648 1826 795 1912 quotiens
811 1825 947 1889 volueris
963 1834 995 1889 et
1008 1836 1151 1911 tempera
1166 1846 1239 1887 curn
1255 1823 1331 1887 vino
1346 1844 1435 1907 super

344 1927 508 2004 carbones,
520 1936 551 1989 et
567 1928 688 1992 addens
701 1929 861 1993 modicum
873 1928 1040 1993 atramenti
1052 1927 1162 1991 scribe.
1208 1925 1306 2001 Quod
1321 1927 1348 1989 si
1363 1947 1434 1989 con·

343 2029 449 2115 tigerit
469 2051 525 2115 per
549 2030 775 2117 negligentiam
795 2040 832 2095 ut
856 2053 921 2096 non
944 2031 1020 2095 satis
1048 2030 1173 2116 nigrum
1192 2028 1233 2092 sit
1249 2029 1432 2104 incaustum,

343 2132 452 2219 accipe
467 2131 599 2196 frustum
624 2133 836 2218 grossitudine
851 2134 944 2199 unius
965 2133 1067 2220 digiti,
1082 2142 1114 2197 et
1129 2155 1250 2219 ponens
1272 2132 1432 2219 inignem,

343 2236 410 2300 sine
426 2235 625 2314 candescere,
640 2257 717 2299 mox
732 2243 763 2299 et
778 2235 810 2299 iu
826 2237 1004 2301 incaustum
1020 2236 1147 2322 projice.

667 2998 824 3046 EXPLICIT
846 3002 948 3046 LIBER
972 3003 1110 3048 Fuluus.
