3166 5190
474 1210 773 1308 rnorem
839 1213 1242 1313 eaonoons
1331 1166 1333 1169 ’

599 1643 811 1731 LIBRUM
872 1648 1125 1735 TERTIUM.

396 2180 587 2253 XIMIUS
631 2181 890 2276 Prophetarum
929 2182 1053 2267 David,
1089 2205 1196 2275 quem
1232 2181 1414 2257 Dominus

446 2297 546 2370 Deus
571 2299 745 2392 praescivit
770 2305 854 2368 ante
880 2306 1039 2391 tempora
1065 2299 1236 2370 secularia
1262 2308 1302 2370 et
1323 2324 1414 2394 prae-

304 2416 503 2498 destinavit,
522 2439 699 2508 quemque
710 2414 817 2507 juxta
834 2415 1098 2509 simplicitatem
1115 2424 1153 2486 et
1166 2415 1412 2488 humilitatem

303 2532 433 2600 mentis
458 2531 562 2615 illius,
581 2532 775 2602 secundum
793 2554 972 2602 corsuum
994 2531 1112 2626 elegit,
1130 2540 1168 2602 et
1185 2533 1251 2602 sibi
1269 2533 1414 2605 dilectae

303 2644 399 2737 plebi
417 2648 609 2740 principem
628 2648 826 2741 praeposuit,
844 2654 955 2739 utque
972 2648 1130 2740 regimen
1147 2648 1237 2717 tanti
1256 2650 1414 2722 nominis

303 2760 470 2831 nobiliter
487 2770 525 2832 et
541 2764 741 2854 prudenter,
760 2763 970 2856 disponeret,
989 2763 1113 2856 spiritu
1124 2762 1307 2855 principali
1326 2788 1415 2836 con·

303 2876 465 2959 firmavit,
483 2885 560 2950 tota
577 2881 706 2951 mentis
730 2880 928 2951 intentione
945 2903 983 2952 se
1009 2879 1179 2974 colligens
1196 2881 1233 2949 in
1249 2903 1414 2954 amorem

303 2994 356 3061 sui
384 2996 583 3079 conditoris,
609 2995 683 3066 haec
708 2997 802 3067 inter
826 2995 894 3066 alia
919 2995 1088 3089 protulit:
1115 2992 1276 3091 Domine,
1297 2995 1415 3071 dilen-i

303 3107 454 3183 decorem
488 3108 608 3183 domna
637 3120 714 3182 tuce.
768 3111 818 3182 Et
852 3111 937 3181 licet
966 3112 1019 3181 vir
1048 3120 1156 3181 tantae
1186 3112 1415 3186 auctoritatis

303 3236 448 3320 tamque
469 3230 606 3321 capacis
631 3227 843 3311 intellectus,
861 3228 1005 3298 domum
1031 3228 1123 3298 hanc
1148 3228 1282 3297 diceret
1308 3228 1416 3302 hahi-

302 3345 475 3415 tationem
502 3344 655 3415 coelestis
681 3344 794 3426 curiae,
821 3345 855 3414 in
882 3367 952 3436 qna
975 3340 1072 3415 Deus
1097 3343 1269 3437 hymnicis
1286 3346 1416 3439 angel-

303 3482 404 3531 orum
429 3461 543 3532 choris
570 3459 806 3531 inaestimabili
836 3459 999 3552 presidet
1026 3459 1196 3542 claritate,
1227 3459 1413 3551 adquam

302 3577 379 3669 ipse
404 3578 490 3648 totis
513 3578 703 3647 visceribus
730 3575 929 3658 anhelabat,
957 3575 1098 3647 dicens:
1135 3571 1248 3647 Unam
1268 3577 1366 3669 petii
1392 3602 1416 3649 a

301 3688 466 3774 Domino,
491 3689 581 3764 inne
602 3693 786 3787 requiram,
813 3700 851 3763 nt
873 3689 1056 3762 inhabitem
1079 3692 1118 3762 in
1140 3689 1241 3763 domn
1255 3688 1417 3765 Domini

302 3806 456 3879 omnibus
491 3805 607 3878 diebus
640 3809 720 3878 vitae
753 3831 860 3889 mm,-
887 3808 960 3878 sire
990 3807 1252 3900 receptaculum
1284 3807 1415 3881 devoti

301 3924 453 4016 pectoris
480 3930 518 3992 et
545 3924 719 4015 purissimi
745 3924 868 4006 cordis,
896 3924 1064 3994 coivere
1089 3921 1190 3993 Deus
1219 3922 1414 4010 inhahitat,

301 4040 402 4131 cujus
427 4039 574 4132 hospitis
605 4040 778 4111 desiderio
807 4040 902 4109 idem
926 4037 1076 4131 flagrans
1101 4045 1198 4107 orat:
1228 4034 1415 4133 Spiritum

298 4164 427 4227 rectum
448 4158 574 4227 innova
591 4157 630 4226 in
654 4154 837 4229 visceriban
854 4157 947 4239 naen,
964 4152 1139 4226 Domine:
1165 4161 1287 4224 tamen
1304 4177 1414 4228 orna-

301 4283 380 4344 tum
396 4271 587 4344 materialis
604 4271 730 4343 domus
748 4269 828 4354 Dei,
847 4296 924 4366 quae
941 4272 1038 4343 locus
1055 4278 1110 4342 est
1127 4271 1305 4354 orationis,
1323 4294 1416 4343 con-

299 4399 371 4462 stat
389 4413 471 4462 eum
488 4389 738 4481 concupivisse.
