3166 5190
292 518 351 579 156
638 533 829 576 rnrornrur
855 531 958 574 arasa
983 531 1019 574 n.

286 698 318 751 et
342 687 449 770 accipe
472 685 634 770 saphirum
657 707 694 748 ac
715 685 812 748 viride
833 684 946 745 vitrum
969 683 1096 767 quoda
1119 681 1222 744 calore
1244 680 1382 744 flamma

288 788 442 851 levissime
459 787 609 871 liquefiat,
625 797 728 849 terens
748 786 915 871 diligenter
935 808 1007 849 cnm
1028 805 1111 870 aqua
1131 806 1224 869 super
1242 784 1382 868 lapidem

287 889 510 974 porfireticum,
526 899 558 951 et
578 911 650 951 cum
671 889 806 973 pincello
828 889 919 952 linies
940 910 1034 973 super
1049 888 1219 950 fracturam
1235 887 1383 950 subtilem

288 1002 432 1054 tractum.
479 990 603 1053 Deinde
626 1012 708 1075 pone
730 1013 823 1076 super
846 991 987 1054 tabulam
1010 990 1153 1066 ferream,
1171 998 1204 1051 et
1223 990 1313 1052 eleva
1328 1011 1384 1051 vas

287 1094 515 1179 aliquantulum
540 1115 579 1155 ex
603 1115 641 1155 ea
665 1102 754 1178 parte
776 1093 829 1155 ubi
850 1093 986 1155 fractura
1006 1103 1063 1169 est,
1084 1103 1119 1155 ut
1139 1091 1267 1154 flamma
1289 1114 1384 1176 super

288 1216 359 1257 cam
379 1195 540 1281 aequaliter
560 1203 708 1271 transeat,
728 1195 834 1279 sicque
857 1195 946 1257 mitte
966 1193 998 1255 in
1019 1193 1143 1256 furnum
1165 1192 1383 1271 fenestrarum,

288 1318 468 1381 supponens
488 1297 574 1381 ligna
596 1295 719 1379 faginea
741 1297 824 1358 sicca
845 1304 877 1359 et
897 1296 1006 1381 ignem
1024 1295 1187 1381 paulatim,
1208 1296 1312 1358 donec
1327 1318 1384 1357 vas

288 1399 424 1460 calescat
449 1408 481 1460 et
506 1399 625 1460 cineres
648 1398 679 1458 in
702 1420 750 1474 en,
774 1398 943 1482 statimque
965 1419 1046 1481 auge
1069 1397 1174 1481 ignem
1197 1407 1232 1459 ut
1253 1397 1384 1460 flamma

288 1511 419 1563 crescat.
465 1500 611 1585 Cumque
637 1500 750 1562 videris
776 1501 861 1586 quod
889 1501 940 1562 vix
971 1501 1127 1578 rubescat,
1153 1501 1260 1585 ejectis
1290 1499 1384 1583 lignis

289 1603 416 1665 obstrue
445 1602 609 1685 diligenter
638 1625 674 1664 os
704 1602 840 1665 fornacis
869 1614 901 1665 ct
932 1602 1073 1664 foramen
1103 1601 1254 1686 superine,
1280 1601 1384 1665 donec

289 1704 411 1788 penitus
437 1703 641 1788 refrigeretur.
686 1704 803 1767 Ablato
819 1727 894 1766 vase
916 1706 981 1767 eice
1003 1704 1124 1767 cineres
1146 1704 1265 1789 absque
1288 1725 1383 1789 aqua,

289 1806 395 1891 sicque
410 1806 531 1869 lavabis
546 1807 621 1869 illud
638 1815 670 1870 ct
685 1807 817 1871 habebis
833 1808 873 1870 ad
889 1830 968 1893 quos
985 1828 1058 1869 usus
1075 1807 1219 1870 volueris.

590 2598 822 2696 CAPUT
880 2603 1073 2697 XXXI.

738 2839 783 2881 DE
806 2840 939 2883 ANULIS.

372 2999 499 3101 stitro
515 3003 610 3067 etiam
634 3007 714 3070 fiunt
729 3007 811 3070 anuli
829 3007 890 3071 hoc
912 3009 1016 3073 modo.
1062 3010 1228 3098 Compone
1249 3016 1305 3079 tibi
1322 3018 1388 3080 sur-

391 3124 465 3165 num
496 3107 661 3189 parvulum
692 3109 802 3174 ordine
832 3132 897 3195 quo
926 3133 1022 3197 supra
1047 3123 1078 3176 et
1104 3118 1241 3196 vascula,
1271 3118 1387 3183 deinde

292 3205 418 3290 acquire
433 3205 489 3269 tibi
506 3207 635 3289 cineres,
648 3212 705 3290 sal,
718 3214 876 3297 pulverem
892 3213 979 3298 cupri
995 3224 1027 3277 et
1041 3216 1215 3300 plumbum.
1261 3219 1387 3308 Hisque

292 3308 476 3393 compositis
498 3309 657 3399 dIstingue
680 3316 802 3379 colores
817 3314 888 3377 vitri
903 3338 984 3401 quos
998 3318 1143 3398 volueris,
1159 3323 1387 3411 suppositoque

291 3409 364 3496 igne
380 3421 411 3473 et
426 3411 519 3498 lignis
534 3435 646 3501 coque.
694 3415 824 3482 Interim
839 3418 967 3504 acquire
981 3419 1039 3483 tibi
1054 3420 1174 3507 lignum
1190 3424 1387 3510 longitudine

291 3514 383 3577 unius
399 3516 503 3600 palmi,
520 3525 552 3581 et
567 3518 777 3604 grossitudine
793 3520 886 3583 unius
901 3519 1002 3606 digiti,
1018 3532 1051 3586 et
1064 3523 1096 3586 in
1108 3525 1201 3589 tertia
1215 3527 1284 3612 ejus
1297 3540 1387 3613 parte

292 3639 374 3700 pone
384 3620 520 3683 rotulam
530 3620 668 3705 ligneam
678 3622 841 3686 latitudine
851 3624 944 3687 unius
953 3625 1078 3709 palmae,
1090 3626 1134 3690 ita
1146 3637 1181 3690 ut
1192 3630 1272 3692 duas
1282 3642 1387 3716 partes

291 3718 369 3802 ligni
391 3726 500 3784 teneas
526 3721 558 3783 in
583 3745 688 3803 manu,
704 3733 736 3786 et
758 3724 860 3787 rotula
876 3747 970 3810 super
984 3748 1114 3791 manum
1132 3730 1242 3814 jaceat
1256 3733 1389 3799 firmiter

292 3818 380 3903 ligno
404 3823 586 3907 conjuncta,
613 3836 646 3888 et
668 3826 759 3890 tertia
786 3848 858 3911 pars
874 3827 951 3913 ligni
974 3851 1067 3914 super
1089 3833 1223 3895 rotulam
1240 3837 1387 3902 emineat.

293 3918 388 3993 Quod
403 3919 524 4005 lignum
540 3925 572 3989 in
584 3927 764 3991 summitate
776 3928 892 4014 gracile
903 3928 1069 4010 incidatur,
1082 3934 1166 3997 etita
1177 3935 1210 3997 in
1221 3935 1388 4024 ferrojun-

290 4028 385 4107 gatur
393 4021 475 4087 sicut
478 4026 623 4112 jungitur
632 4029 664 4091 in
673 4029 766 4094 hasta
775 4031 898 4110 lancea;
911 4033 997 4117 quod
1004 4032 1118 4097 ferrum
1125 4034 1242 4101 habeat
1250 4040 1390 4126 longitu-

291 4123 398 4187 dinem
409 4125 503 4190 unius
515 4129 621 4213 pedis;
644 4132 694 4195 cui
706 4132 826 4217 lignum
837 4133 1000 4214 inseratur,
1014 4143 1049 4199 ut
1062 4137 1095 4200 in
1104 4138 1255 4223 junctura
1266 4146 1390 4229 aequale

291 4227 332 4291 sit
345 4225 443 4313 ligno,
455 4237 487 4291 et
501 4231 542 4294 ab
553 4232 622 4317 ipso
634 4234 704 4297 loeo
715 4233 863 4319 gracilius
872 4236 914 4300 sit
928 4237 960 4300 in
976 4239 1072 4303 finem
1088 4263 1188 4328 usqne
1203 4244 1388 4326 deductum,

291 4329 345 4394 ubi
361 4330 491 4395 omnino
503 4334 543 4396 sit
557 4344 695 4398 acutum.
743 4334 787 4398 Et
796 4338 891 4422 juxta
902 4338 1069 4405 fenestram
1083 4342 1219 4409 fornacis
1234 4347 1266 4409 in
1274 4348 1389 4413 dextra

291 4442 391 4517 parte,
407 4434 468 4498 hoc
485 4447 532 4500 est
547 4437 578 4499 in
596 4437 721 4502 sinistra
736 4448 800 4519 tua,
817 4448 879 4503 stet
901 4440 1023 4527 lignum
1039 4447 1250 4529 grossitudine
1266 4451 1389 4516 brachii
