3018 5170
1500 394 1501 431 l

309 536 373 600 298
662 552 852 598 nuaoenrnr
877 552 983 597 urnas
1005 554 1058 599 ιιι.

311 727 380 769 rum
396 704 523 769 nomina
539 704 657 768 scribes
672 706 704 767 in
718 704 857 767 inferiori
874 704 970 768 limbo
985 704 1126 790 ejusdem
1138 704 1240 788 spatii,
1251 713 1284 767 et
1297 703 1327 766 in
1337 703 1398 767 sin·

311 807 392 891 gulis
416 806 541 891 angulis
561 807 655 892 juxta
670 806 791 891 lapides
815 807 912 871 facies
928 806 1068 891 singulas
1091 805 1281 870 fenestellas.
1323 805 1399 869 llaec
1500 804 1501 855 l

310 908 369 972 erit
394 908 565 973 similitudo
595 910 635 973 de
664 931 728 995 qua
757 909 912 995 propbeta
941 908 1036 973 dicit:
1066 909 1119 972 Ab
1148 907 1281 971 Oriente
1305 917 1399 993 portas
1500 900 1501 907 ἵ

312 1019 384 1089 tres,
399 1022 432 1073 et
453 1012 495 1075 ab
510 1010 685 1076 Occidente
701 1020 800 1097 portae
815 1021 887 1089 tres,
902 1019 934 1075 et
957 1033 976 1075 a
1002 1010 1183 1074 Meridiano
1207 1019 1307 1095 porta
1328 1019 1399 1087 tres,

312 1125 344 1178 et
358 1136 378 1178 a
392 1113 612 1200 Septentrione
627 1124 726 1201 portae
744 1123 817 1177 tres.
863 1113 902 1176 Iu
926 1122 1061 1200 quatuor
1075 1122 1180 1175 autem
1197 1112 1329 1198 augulis,
1348 1112 1399 1198 qui
1500 1098 1501 1105 ἵ

312 1226 387 1281 sunt
401 1217 481 1281 inter
496 1217 666 1281 divisiones
675 1226 848 1302 portarum,
862 1214 1014 1280 formabis
1029 1215 1062 1277 in
1073 1235 1144 1278 cera
1159 1215 1299 1300 singulas
1312 1215 1400 1278 turri·
1500 1204 1501 1215 ¹

312 1319 400 1384 culas
415 1318 577 1398 rotundas,
587 1340 643 1404 per
657 1340 736 1406 quas
748 1327 869 1382 catenae
877 1317 1064 1382 transibunt.
1110 1315 1171 1379 His
1186 1316 1231 1381 ita
1245 1316 1399 1402 dispositis

312 1420 408 1484 facies
424 1421 456 1484 in
472 1420 616 1506 proxima
630 1420 782 1506 superiori
797 1420 873 1483 turri
894 1420 1036 1501 singulas
1050 1419 1206 1504 imagines
1222 1419 1399 1504 angelorum

313 1523 451 1608 integras
466 1523 498 1585 in
520 1522 746 1609 quadrangulis
768 1522 889 1609 spatiis,
905 1521 930 1600 (¹
941 1544 1015 1586 cum
1037 1521 1135 1586 scutis
1149 1530 1184 1585 et
1197 1520 1314 1584 lanceis
1327 1518 1398 1599 suis,

312 1623 402 1710 quasi
418 1623 459 1687 ad
475 1623 651 1687 custodiam
667 1645 827 1688 muromm
842 1631 973 1702 stantes,
989 1632 1021 1688 et
1042 1623 1074 1686 in
1094 1623 1238 1686 rotundis
1252 1621 1399 1685 turi-iculis
1500 1620 1501 1663 l

313 1725 465 1790 formabis
479 1726 683 1789 columnellas
698 1748 771 1790 cum
793 1718 946 1811 capitellis
962 1726 1075 1791 suiset
1096 1726 1235 1790 basibus.
1281 1724 1398 1789 Eodem

314 1829 410 1893 modo
426 1828 522 1891 facies
537 1827 570 1889 in
585 1828 759 1914 penultima
774 1828 862 1908 turri,
872 1850 945 1915 quoe
955 1828 1080 1894 brevior
1090 1838 1149 1907 est,
1165 1827 1312 1892 dimidias
1326 1828 1398 1891 ima·
1500 1830 1501 1881 l

312 1929 403 2016 gines
418 1931 602 2015 angelorum
617 1940 650 1995 et
663 1930 840 2016 parimodo
855 1931 1069 1995 columnellas.
1116 1929 1154 1992 ln
1170 1930 1320 2016 superiori
1331 1951 1398 1994 vero

314 2031 400 2111 turri,
415 2054 486 2118 quae
501 2032 646 2118 gracilior
661 2034 728 2113 erit,
743 2033 840 2097 facies
855 2032 1008 2097 fenestras
1022 2033 1135 2118 longas
1149 2042 1183 2095 et
1200 2032 1360 2112 rotundas,
1372 2040 1400 2095 et

314 2135 346 2198 in
362 2134 541 2199 summitate
556 2136 649 2199 turris
664 2137 901 2223 propugnacula
912 2134 1094 2214 incircuitu,
1109 2134 1141 2197 iu
1156 2156 1291 2221 quorum
1302 2133 1399 2198 medio

315 2237 465 2301 formabis
480 2258 609 2324 agnum,
625 2238 703 2301 etin
718 2237 821 2325 capite
837 2238 905 2324 ejus
920 2258 1071 2302 coronam
1086 2245 1119 2301 et
1133 2259 1271 2317 crucem,
1281 2247 1313 2302 et
1324 2237 1399 2302 circa

315 2342 445 2404 dorsum
460 2340 528 2425 ejus
543 2340 670 2405 brevem
687 2361 805 2419 arcum,
819 2341 852 2402 in
869 2341 959 2426 cujus
973 2339 1154 2403 summitate
1168 2340 1209 2403 sit
1223 2340 1344 2419 anulus,
1355 2336 1399 2402 cui

316 2441 496 2529 imponatur
521 2442 627 2507 media
653 2451 774 2508 catena.
820 2441 906 2505 Haec
928 2451 976 2505 est
1001 2440 1141 2526 superior
1165 2462 1239 2526 pars
1261 2439 1398 2505 thuribuli

316 2565 391 2608 cum
403 2567 497 2632 opere
510 2568 579 2610 suo.

361 2646 507 2712 Inferiori
522 2670 597 2713 vero
613 2656 701 2733 parte
716 2646 809 2711 simili
824 2646 921 2710 modo
936 2646 1086 2730 cooperti
1107 2645 1190 2725 ceri,
1205 2646 1353 2711 formabis
1369 2644 1397 2708 in

315 2749 447 2836 singulis
462 2749 571 2835 spatiis
595 2750 735 2835 singulas
750 2748 905 2835 imagines
929 2748 1154 2835 prophetarum
1170 2769 1243 2811 cum
1261 2747 1324 2811 suis
1337 2747 1398 2810 bre·

316 2851 418 2931 vibus,
433 2860 465 2915 et
479 2852 604 2938 aptabis
618 2851 786 2938 unicuique
801 2850 946 2937 apostolo
960 2849 1200 2913 convenientem
1211 2848 1397 2935 prophetam,

314 2960 351 3015 ut
364 2951 546 3017 testimonia
560 2974 679 3031 eorum,
695 2975 767 3040 quae
781 2951 930 3017 brevibus
945 2960 1018 3014 sunt
1032 2950 1244 3031 inscribenda,
1259 2951 1318 3015 sibi
1331 2971 1398 3015 con-

316 3052 472 3132 cordent.)
517 3051 611 3117 Circa
625 3053 795 3138 prophetas
807 3074 881 3117 vero
896 3074 961 3117 uon
970 3051 1067 3117 facies
1081 3062 1200 3138 portas,
1215 3054 1272 3117 sed
1286 3061 1397 3117 tantum

316 3153 419 3240 spatia
433 3175 541 3219 earum
556 3153 620 3218 siut
642 3155 870 3241 quadrangula,
884 3162 916 3219 et
934 3155 967 3216 in
983 3154 1087 3217 limbis
1101 3176 1195 3239 super
1217 3155 1321 3241 capita
1333 3151 1399 3218 scri·

317 3256 434 3321 bantur
458 3278 567 3321 eorum
591 3255 731 3320 nomina.
777 3255 888 3321 Facies
913 3278 1039 3344 quoque
1064 3257 1098 3320 in
1123 3256 1249 3343 angulis
1278 3263 1397 3344 quatior

316 3368 418 3424 turres
433 3358 595 3446 inquibus
619 3367 741 3423 catenae
756 3360 919 3423 firmentur
932 3368 968 3423 ut
986 3358 1199 3444 superioribus
1214 3365 1396 3446 coaptentur.

320 3463 359 3527 ln
374 3462 512 3528 inferiori
526 3483 601 3527 vero
625 3462 760 3526 rotundo
776 3461 878 3547 spatio
893 3461 991 3526 facies
1014 3461 1146 3526 circulos
1161 3470 1242 3548 quot
1265 3458 1396 3548 pomeria,

318 3568 369 3632 vel
387 3565 532 3645 volueris,
554 3566 587 3629 in
611 3564 725 3653 quibus
749 3563 900 3628 formabis
923 3563 1064 3649 singulas
1089 3562 1245 3650 imagines
1263 3565 1397 3627 virdun

318 3669 477 3750 dimidias,
492 3668 596 3754 specie
618 3666 770 3731 femininis
783 3687 917 3752 quarum
939 3663 1070 3729 nomina
1091 3664 1209 3729 scribes
1230 3665 1265 3729 in
1280 3661 1395 3729 circulis.

318 3770 370 3834 Ad
385 3779 581 3856 postremum
596 3779 702 3834 autem
717 3768 749 3832 in
764 3768 863 3832 fundo
879 3768 1029 3832 formabis
1044 3768 1157 3853 pedem
1172 3777 1205 3832 et
1219 3767 1362 3844 tornabis,
1371 3769 1398 3825 et

318 3871 427 3936 omnia
442 3872 545 3958 spatia
559 3872 643 3937 circa
665 3871 821 3958 imagines
837 3871 979 3956 superius
994 3878 1027 3933 et
1048 3867 1177 3932 inferius
1198 3877 1292 3933 amnt
1312 3877 1397 3932 uans
1499 3950 1500 3955 ἵ

319 3975 431 4039 forata.
478 3973 605 4038 Deinde
618 3973 787 4060 unicuique
798 3972 880 4059 parti
893 3972 961 4036 suis
975 3971 1134 4035 infusoriis
1143 3978 1239 4057 atque
1253 3964 1397 4058 spiraculis
1499 3960 1500 3963 ¹

319 4076 473 4163 inpositis,
485 4076 693 4142 circumlinies
706 4076 874 4163 diligenter
885 4073 1028 4159 argillam
1039 4084 1166 4138 tenuem
1182 4072 1214 4138 e‘t
1228 4074 1354 4140 siccabis
1362 4065 1397 4131 ad

319 4181 429 4262 solem,
441 4202 629 4266 rursumque
640 4188 672 4243 et
680 4178 772 4244 tertio
781 4179 877 4243 facies
887 4176 1040 4257 similiter3
1064 4196 1135 4264 quaa
1146 4185 1252 4263 partes
1262 4180 1398 4241 vocantur

351 4419 358 4449 ¹
377 4420 468 4468 Eodem
479 4418 576 4467 sarlaet
591 4416 708 4479 eminentia
724 4429 792 4478 mpla
808 4415 842 4463 nd
857 4415 874 4440 “
882 4413 926 4462 sibi
941 4413 1077 4462 concordent
1087 4411 1100 4432 ¹⁹
1111 4413 1196 4462 omittit
1208 4414 1264 4463 Cori.
1276 4409 1341 4460 narr.
1351 4402 1393 4454 Ad·

318 4503 424 4551 didimus
435 4519 461 4551 cx
474 4502 529 4552 θοά-
543 4499 641 4562 dulps.
