3018 5170
320 494 382 554 328
671 513 862 557 nnsornrur
886 513 991 556 monn
1013 514 1066 556 111.

320 664 480 747 cooperies
500 685 594 727 omne
615 673 781 749 argentum
799 665 886 751 quod
905 664 1041 728 volueris
1057 672 1092 727 ut
1108 665 1216 728 album
1241 672 1405 739 remaneat,

320 773 352 827 et
371 766 457 851 quod
480 766 695 829 deaurandum
710 776 767 846 est,
789 776 917 830 maneat
937 767 1100 831 intectum.
1146 766 1244 842 Quod
1265 789 1337 831 cum
1351 766 1408 829 sic·

320 867 440 930 caveris
463 888 558 953 super
578 890 704 954 prunas,
729 869 896 934 deaurabis
919 870 990 933 loca
1014 870 1142 955 singula
1161 869 1329 956 diligenter
1347 866 1408 929 sine

321 990 416 1055 aqua,
441 970 655 1057 desumteque
676 970 818 1035 lavabis¹
847 978 879 1035 et
900 971 999 1057 polite
1019 971 1220 1035 incolorabis.
1289 968 1407 1033 Deinde

322 1093 395 1135 cum
410 1073 598 1136 carbonibus
613 1073 770 1137 subtiliter
783 1073 864 1137 tritis
879 1083 912 1138 et
926 1073 1019 1160 lignis
1030 1073 1248 1159 gracilioribus
1262 1079 1295 1136 et
1308 1093 1408 1157 gross-

323 1174 441 1237 ioribus
460 1174 588 1239 fricabis
609 1174 783 1262 diligenter,
805 1197 906 1263 usque
922 1198 978 1262 per
1001 1176 1109 1239 omnia
1123 1197 1213 1263 seque
1227 1175 1348 1239 elerum
1361 1172 1408 1237 sit.

326 1275 407 1340 Post
420 1276 487 1339 hsoc
503 1276 581 1340 etin
596 1297 673 1340 auro
688 1277 767 1340 etin
782 1286 914 1363 argento
929 1277 980 1342 foc
996 1278 1126 1343 subtiles
1140 1287 1271 1357 unctus,
1290 1299 1369 1364 quos
1381 1283 1410 1339 et

324 1376 469 1442 faciendo
504 1378 621 1463 puriter
648 1378 757 1464 polies,
790 1379 893 1443 donec
922 1381 964 1444 ad
998 1381 1224 1466 perfectionem
1253 1378 1407 1466 perduces.

326 1478 409 1544 Cum
430 1501 505 1543 vero
525 1480 652 1544 tubulos
670 1481 740 1545 illus
755 1502 866 1546 eureus
880 1482 930 1546 vel
951 1493 1120 1570 argenteus
1135 1483 1267 1569 pleniter
1282 1482 1409 1544 elevatus

325 1591 421 1668 atque
435 1582 550 1668 polites
565 1584 724 1670 configere
738 1584 883 1663 volueris,
893 1585 968 1649 tolle
982 1606 1088 1650 ceram
1103 1596 1136 1649 et
1149 1584 1285 1673 liquefac
1299 1584 1332 1646 in
1345 1602 1410 1644 ruse

327 1684 415 1749 fictili
429 1685 479 1749 vel
497 1707 624 1771 cupreo,
646 1692 742 1773 etque
757 1686 927 1751 commisce
943 1687 971 1751 ei
986 1688 1127 1775 tegulam
1142 1687 1299 1752 subtiliter
1313 1685 1409 1749 tritam

327 1787 393 1851 sive
419 1787 575 1866 sabulum,
602 1788 705 1852 itaut
727 1788 790 1853 sint
815 1788 909 1875 hujus
931 1790 1004 1854 duae
1025 1798 1130 1877 perles
1155 1798 1188 1854 et
1213 1810 1292 1853 eerae
1318 1787 1408 1851 tertie.

328 1890 424 1965 Quod
448 1912 520 1953 cum
542 1889 658 1976 pariter
682 1890 887 1978 liquefactum
908 1892 1013 1972 fuerit,
1042 1914 1116 1957 oum
1137 1891 1293 1957 cochleari
1314 1890 1410 1975 ligneo

328 1992 449 2057 fortiter
463 1993 687 2074 commovebis,
699 2003 731 2057 et
747 1993 820 2057 inde
834 1994 980 2081 implebis
995 2016 1106 2060 omnes
1117 1994 1272 2081 imagines
1287 1993 1319 2055 in
1333 2012 1410 2065 euro,

328 2103 471 2179 urgento,
486 2095 552 2159 sive
567 2117 675 2181 cupr0,
696 2096 746 2160 vel
761 2098 975 2184 quodcunque
989 2097 1022 2159 in
1037 2096 1086 2159 his
1101 2097 1259 2160 elevatum
1274 2094 1372 2169 fuerit,
1384 2102 1412 2155 et

328 2197 545 2283 refrigeratum
561 2201 687 2285 confige
699 2199 752 2264 ubi
768 2201 856 2266 velis.
902 2199 941 2264 In
956 2199 1079 2287 cupreis
1090 2222 1165 2264 vero
1179 2200 1295 2264 tabulis
1309 2197 1410 2260 eodem

329 2299 426 2365 modo
441 2301 611 2365 attenuatis
626 2302 726 2366 simile
742 2324 822 2389 opus
837 2304 884 2383 fit,
902 2303 959 2367 sed
973 2302 1085 2388 majori
1100 2301 1211 2365 virium
1227 2298 1373 2364 instantis
1385 2304 1412 2360 et

329 2401 504 2488 diligentiis,
519 2426 617 2490 quem
632 2404 765 2469 durioris
780 2414 900 2468 naturae
916 2414 973 2469 est
1018 2403 1114 2480 Quod
1129 2426 1210 2489 opus
1225 2425 1297 2468 eum
1311 2421 1411 2488 perve-

329 2506 411 2568 nerit
425 2506 464 2570 ed
480 2506 609 2571 subtiles
624 2515 754 2588 tractus,
776 2502 871 2571 debet
886 2507 918 2570 in
938 2507 1085 2571 exteriori
1101 2515 1190 2593 parte
1209 2504 1333 2591 purgari
1348 2522 1411 2566 cun

330 2607 422 2670 laneo
453 2630 558 2693 panno
581 2619 613 2672 et
634 2609 756 2689 sabulo,
785 2610 888 2675 donec
911 2610 1001 2696 nigra
1027 2610 1107 2673 cutis
1128 2609 1297 2686 auferatur,
1324 2604 1411 2669 etsie

331 2708 474 2774 deaurari
502 2721 596 2798 etque
620 2712 719 2798 poliri,
750 2712 959 2801 perfectisque
986 2709 1180 2778 decolorari²
1209 2709 1365 2785 tractibus,
1385 2716 1414 2768 et

333 2811 490 2896 praedictis
506 2814 757 2879 confectionibus
773 2815 904 2901 impleri.

640 3418 868 3515 CAPUT
931 3418 1135 3515 LXXV.

531 3635 577 3677 DE
598 3634 710 3678 orm
732 3634 828 3684 QUOD
850 3633 995 3677 sturnus
1017 3635 1237 3680 INPRIMITUR.

341 3781 526 3933 FIANT
540 3784 635 3848 etiam
651 3784 724 3848 ferri
738 3785 779 3848 ad
795 3806 974 3848 mensuram
993 3784 1085 3848 unius
1099 3784 1191 3871 digiti
1206 3788 1309 3872 spissi,
1328 3784 1414 3849 tribus

436 3883 543 3971 digitis
567 3886 615 3948 vel
636 3893 772 3972 quotuor
791 3884 857 3963 leti,
881 3883 1103 3971 longitudine⁸
1132 3887 1235 3963 unius,
1259 3889 1310 3974 qui
1328 3884 1413 3951 sanis·

338 3985 410 4051 simi
434 3986 552 4050 debent
571 4009 651 4067 esse,
674 3988 758 4050 utin
777 3986 822 4050 eis
846 3988 932 4052 nulla
952 3988 994 4051 sit
1011 3988 1144 4069 macule,
1166 3989 1252 4053 nulla
1271 3991 1373 4054 fissum
1385 3986 1414 4048 in

339 4088 488 4176 superiori
503 4090 609 4153 latere.
657 4089 696 4152 In
717 4089 768 4153 his
783 4090 968 4175 sculpentur
986 4090 1021 4155 in
1037 4090 1239 4156 similitudine
1253 4092 1414 4179 'sigillorum

566 4280 573 4311 ¹
592 4281 674 4331 vitiosi
689 4284 706 4310 “
714 4282 830 4344 lovebi1,'’
846 4283 873 4332 io
886 4286 944 4333 Ood.
957 4285 1031 4334 Hori.

565 4362 575 4392 ¹
592 4366 609 4390 “
616 4364 758 4424 incolornri‚''
773 4366 802 4415 io
813 4367 872 4416 Ood.
885 4368 985 4430 omps

565 4442 576 4472 ⁸
604 4447 682 4494 erbum
699 4446 808 4509 “pedis'’
824 4448 852 4497 in
864 4448 922 4499 Cod·
937 4449 1037 4511 Guelpl.
1047 4447 1176 4497 inoendur.
