3018 5170
323 516 386 579 318
682 532 872 577 rnnoenrnr
898 533 1001 577 arnan
1025 534 1080 578 111.

323 695 380 750 cst.
427 685 502 750 Non
522 686 607 748 enirn
628 685 759 772 sulphur
778 685 846 749 auri
866 685 1037 773 quicquam
1058 685 1227 766 consumit,
1250 686 1308 750 sed
1323 683 1419 750 solnm

324 796 500 874 argentum,
522 788 609 875 quod
632 789 735 853 taliter
757 788 799 853 ab
821 809 899 852 auro
922 796 1058 874 separat,
1085 787 1237 875 quodque
1259 787 1421 873 diligenter

324 891 472 954 servabis.
528 891 668 954 Rursum
699 891 730 953 in
760 890 873 954 eodem
904 890 1032 954 vasculo
1062 890 1144 953 sicut
1172 889 1260 975 prius
1290 889 1419 977 liquefac

325 993 428 1079 ipsum
449 1015 560 1058 aurum
576 1002 608 1057 et
627 993 718 1057 adice
738 992 877 1078 sulphur.
923 991 1000 1067 Quo
1020 1000 1182 1055 commoto
1202 999 1301 1079 atque
1316 991 1420 1071 effuso,

325 1096 411 1181 qnod
427 1097 553 1183 nigrum
568 1095 661 1160 fuerit
675 1095 787 1181 frange
801 1102 834 1158 et
847 1115 948 1173 serva,
960 1092 1070 1180 sicque
1085 1093 1181 1158 facies
1196 1093 1302 1159 donec
1316 1117 1419 1159 aurum

326 1220 438 1283 purum
460 1208 620 1285 appareat.
666 1197 793 1262 Deinde
814 1218 910 1261 omne
931 1195 1008 1259 illud
1031 1195 1167 1282 nigrum,
1190 1195 1280 1282 quod
1298 1196 1420 1261 semusti

325 1300 501 1386 diligenter,
527 1319 685 1386 compone
715 1321 809 1385 super
837 1306 953 1363 testam
981 1296 1194 1384 compositam
1223 1320 1267 1362 ex
1297 1320 1366 1363 osse
1391 1306 1420 1362 et

325 1402 440 1482 cinere,
463 1412 496 1467 ct
521 1402 612 1466 adice
640 1401 815 1487 plumbum,
839 1399 947 1486 sicque
973 1399 1134 1479 combure,
1159 1408 1196 1463 ut
1218 1401 1353 1487 recipias
1375 1421 1420 1463 ar·

326 1513 467 1590 gentum.
512 1505 610 1581 Quod
636 1505 662 1569 si
687 1503 729 1568 ad
755 1525 849 1567 usum
875 1501 984 1587 nigelli
1012 1522 1137 1566 servare
1163 1503 1314 1582 volueris,
1342 1502 1419 1589 prius
1448 1547 1453 1554 -

325 1630 422 1694 quam
437 1608 617 1688 comburas,
628 1607 712 1671 adde
726 1606 756 1670 ei
770 1624 903 1691 cuprum
918 1611 951 1668 et
965 1603 1130 1689 plumbum
1144 1606 1324 1669 secundum
1338 1625 1417 1668 men-

325 1733 432 1776 suram
446 1710 589 1798 superius
602 1717 824 1789 memoratam,
838 1715 872 1771 et
885 1705 1046 1770 confunde
1060 1728 1136 1771 cum
1150 1705 1313 1794 sulphure.

628 2298 867 2395 CAPUT
924 2298 1120 2396 LXXI.

583 2517 752 2570 QUOMODO
776 2516 1000 2561 nantona‘run
1022 2516 1175 2562 CUPRUM.

331 2663 448 2817 DE
461 2687 558 2752 cupro
574 2668 765 2753 supradicto,
776 2667 862 2753 quod
878 2667 1010 2732 rubeum
1026 2667 1148 2747 dicitur,
1161 2666 1212 2729 sac
1227 2662 1283 2727 tibi
1295 2662 1417 2727 laminas

439 2767 630 2847 attenuare¹,
653 2777 780 2856 quantae
801 2769 1010 2856 longitudinis
1024 2769 1113 2833 velis.
1159 2766 1249 2842 Quas
1263 2786 1336 2830 cum
1349 2762 1418 2826 inci·

328 2869 413 2934 deris
432 2879 465 2935 et
484 2871 641 2956 aptaveris
667 2871 755 2956 operi
777 2879 845 2951 tu0,
869 2871 1017 2957 pertrahe
1036 2872 1070 2934 in
1093 2870 1154 2934 illis
1177 2867 1338 2946 flosculos,
1360 2867 1418 2928 sive

328 2972 456 3051 bestias,
477 2982 532 3036 aut
547 2972 632 3036 aliud
647 2972 734 3058 qnod
749 2973 895 3053 volueris,
917 2981 951 3037 et
964 2972 1038 3037 fode
1053 2994 1126 3036 cnm
1141 2970 1251 3058 gracili
1266 2969 1347 3033 ferro
1361 2966 1418 3030 los·

328 3073 422 3137 sorio.
471 3074 595 3138 Deinde
618 3075 695 3138 tolle
716 3075 832 3155 oleum,
847 3074 934 3161 quod
956 3075 993 3138 fit
1015 3075 1055 3139 de
1078 3073 1197 3139 semine
1219 3071 1287 3151 lini,
1301 3080 1335 3136 et
1353 3090 1417 3134 cum

327 3176 429 3263 digito
453 3177 638 3262 superlinies
653 3199 710 3264 per
732 3179 839 3243 omnia
859 3187 963 3257 tenue,
986 3187 1083 3265 atque
1097 3199 1171 3242 cum
1189 3197 1295 3261 penna
1308 3171 1417 3238 anseris
1490 3170 1491 3221 3

328 3277 481 3366 aequabis,
505 3289 537 3343 et
551 3288 663 3344 tenens
687 3302 761 3346 oum
775 3278 895 3364 forcipe
910 3301 1010 3365 pones
1031 3301 1124 3365 super
1140 3298 1256 3364 prunas
1271 3277 1416 3341 ardentes

329 3381 477 3469 Cumque
491 3380 653 3448 modicum
667 3381 841 3460 incaluerit,
861 3389 894 3446 et
909 3383 1016 3447 oleum
1030 3381 1235 3468 liquefactum
1250 3379 1352 3457 fuerit,
1370 3376 1417 3439 de·

330 3508 394 3550 nuo
414 3507 489 3549 cum
510 3506 617 3571 penna
639 3484 781 3570 aequabis
803 3505 991 3570 rursumque
1013 3484 1157 3570 impones
1177 3482 1297 3569 prunis,
1320 3482 1417 3565 sicque

330 3588 428 3652 facies
443 3588 546 3651 donec
561 3586 746 3651 exsiccetur.
792 3584 889 3659 Quod
905 3586 932 3649 si
947 3585 1062 3650 videris
1076 3607 1133 3671 per
1146 3584 1254 3649 omnin
1267 3581 1418 3670 aequaliter

329 3711 409 3767 esse,
432 3688 522 3752 mitte
544 3709 639 3774 super
659 3687 813 3752 carbones
835 3687 927 3752 valde
949 3688 1078 3774 ignitos,
1100 3696 1132 3751 et
1152 3696 1218 3751 tam
1239 3686 1295 3749 din
1311 3685 1416 3770 jaceat,

330 3788 433 3852 donec
454 3798 557 3852 cesset
578 3789 709 3854 fumare.
764 3790 857 3854 Etsi
879 3790 956 3854 satis
977 3788 1103 3876 nigrum
1125 3789 1228 3868 fuerit,
1250 3788 1347 3865 bene;
1374 3782 1417 3847 sin

330 3896 447 3968 antem,
469 3888 561 3952 valde
581 3912 693 3975 parum
713 3891 775 3955 olei
794 3913 867 3956 cum
883 3912 987 3976 penna
1008 3912 1102 3977 super
1117 3890 1255 3955 calidum
1270 3889 1315 3953 ita
1327 3885 1417 3959 linia,

330 3998 553 4077 aequatumque
575 3990 681 4055 denuo
706 3993 853 4057 conflatis
877 3992 1070 4057 carbonibus
1092 4013 1283 4079 superpone,
1309 3988 1417 4053 faciens

330 4093 413 4158 sicut
434 4093 533 4179 prius.
576 4091 723 4182 Cumque
745 4096 963 4182 refrigeratum
988 4096 1093 4176 fuerit,
1114 4118 1179 4159 non
1204 4095 1237 4158 in
1261 4113 1344 4180 aqna
1367 4085 1416 4151 sed
1489 4114 1490 4131 ¹

330 4218 446 4282 perse,
470 4217 544 4259 cnm
559 4195 648 4260 ferris
674 4196 801 4260 rasoriis
822 4198 916 4262 valde
942 4199 1044 4263 acutis
1068 4199 1145 4263 rade
1164 4198 1331 4283 diligenter
1350 4191 1417 4254 flos·

330 4298 430 4379 culos,
451 4297 496 4367 ita
511 4306 547 4362 ut
565 4298 670 4384 campi
692 4307 866 4384 appareant
888 4300 978 4385 nigri.
1024 4298 1057 4363 Si
1073 4322 1147 4365 vero
1169 4300 1281 4364 litterae
1303 4294 1417 4368 luerint,

793 4467 808 4534 ‘¹
825 4469 940 4517 attenuari
947 4470 962 4533 l
