3018 5170
642 524 830 567 rusorum
855 524 958 566 musa
982 525 1034 568 ΙΙΙ.

600 949 830 1046 CAPUT
887 949 1078 1047 XLIX.

654 1170 700 1212 DE
722 1169 816 1212 AURO
840 1169 1027 1213 Anausaro·

293 1316 419 1468 EST
431 1316 515 1380 aliud
528 1338 639 1379 aurum
651 1316 737 1403 quod
749 1316 863 1381 dicitur
874 1318 1085 1398 harenarium,
1097 1318 1183 1405 quod
1195 1317 1350 1404 reperitur
1362 1316 1400 1378 in

390 1420 547 1483 littoribus
560 1419 643 1483 Reni
655 1420 717 1484 hoc
729 1422 837 1484 modo.
863 1421 1039 1486 Fodiuntur
1049 1423 1176 1486 harenas
1187 1422 1220 1484 in
1230 1421 1307 1485 locis
1319 1420 1401 1497 illis,

291 1523 346 1585 ubi
373 1545 446 1607 spes
473 1522 647 1606 reperiendi
675 1533 733 1599 est,
756 1533 789 1585 et
815 1534 976 1609 ponuntur
998 1546 1092 1611 super
1112 1525 1234 1609 ligneas
1255 1523 1400 1587 tabidas.

293 1625 418 1687 Deinde
448 1624 686 1709 superfunditur
715 1647 799 1711 aqna
829 1626 1009 1712 frequenter
1038 1635 1071 1689 et
1095 1625 1272 1711 diligenter,
1302 1625 1401 1688 efflu-

291 1729 479 1815 entibusque
495 1728 620 1791 harenis
636 1738 777 1792 remanet
790 1749 901 1790 aumm
917 1728 1166 1807 subtilissimum,
1182 1728 1268 1813 quod
1284 1728 1399 1812 singu-

290 1830 396 1893 lariter
422 1831 454 1893 in
477 1831 606 1893 vasculo
631 1830 801 1916 reponitur.
846 1828 994 1916 Cumque
1017 1852 1074 1895 vas
1097 1829 1264 1893 dimidium
1288 1830 1399 1905 iirerit,

291 1931 465 2017 imponitur
485 1933 590 1996 virum
614 1942 793 2018 argentum,
814 1941 846 1994 et
868 1954 963 1994 rnanu
987 1931 1107 1995 fortiter
1129 1932 1267 2011 fricatur,
1289 1932 1398 1995 donec

291 2036 423 2099 omnino
446 2035 700 2112 commisceatur,
723 2035 831 2121 sicque
854 2035 993 2120 positum
1018 2035 1049 2097 in
1076 2056 1217 2120 pannum
1243 2034 1399 2098 subtilem

291 2147 497 2224 extorquetur
517 2138 623 2200 vivum
647 2146 831 2222 argentum3
855 2137 940 2223 quod
963 2160 1037 2201 vero
1060 2139 1245 2201 remanserit
1267 2137 1398 2223 ponitur

291 2237 325 2301 in
341 2262 395 2302 vas
412 2240 561 2304 fusoriunr
578 2239 777 2302 effunditur.

671 2849 905 2947 CAPUT
964 2850 1012 2948 L

552 3069 597 3112 DE
620 3068 843 3114 FABRICANDO
867 3071 983 3116 AUREO
1005 3072 1138 3116 onmes.

298 3215 489 3371 IGITUR
515 3216 731 3301 cujuscunque
753 3220 877 3304 generis
899 3242 1010 3285 aurum
1033 3220 1191 3301 habueris,
1213 3221 1240 3285 si
1261 3221 1392 3286 calicem

362 3321 436 3384 inde
460 3340 651 3404 componere
675 3320 821 3400 volueris,
844 3331 877 3386 et
900 3345 1012 3388 ornare
1035 3324 1193 3409 lapidibus
1215 3334 1248 3388 et
1270 3322 1392 3387 electris

294 3437 392 3512 atque
411 3420 598 3507 margaritis,
614 3420 676 3485 hoc
697 3422 794 3486 modo
814 3424 955 3510 incipies.
1001 3424 1144 3490 Primum
1168 3426 1269 3512 proba
1289 3434 1392 3511 partes

295 3527 437 3612 singulas
463 3525 541 3604 auri,
567 3525 593 3588 si
624 3536 758 3609 possunt
783 3547 856 3589 cum
887 3528 1002 3591 malleo
1032 3528 1163 3614 percuti,
1189 3528 1235 3592 sic
1264 3536 1301 3591 ut
1330 3546 1390 3590 non

294 3628 467 3706 findantur,
490 3636 523 3691 et
543 3626 695 3714 quicquid
718 3648 783 3691 non
805 3629 935 3692 finditur
957 3629 1157 3715 singulariter
1178 3651 1278 3715 pone;
1307 3625 1390 3716 quod

295 3752 370 3794 vero
385 3729 524 3807 finditur,
540 3729 737 3813 singulariter
751 3738 788 3792 ut
802 3742 967 3816 coquatur.
1007 3731 1133 3796 Deinde
1148 3732 1256 3816 accipe
1271 3740 1390 3815 partem

293 3831 402 3893 lateris
423 3830 516 3908 cocti,
539 3841 571 3894 et
594 3832 767 3895 secundum
791 3836 1001 3919 quantitatem
1028 3835 1096 3899 auri
1118 3835 1193 3898 fode
1214 3834 1246 3896 in
1268 3855 1308 3896 eo
1331 3833 1389 3895 foa·

293 3954 414 4010 suram,
427 3937 500 4017 ‘quoe
515 3932 592 3996 illud
608 3955 721 4018 capere
737 3937 853 4021 possit;
879 3946 912 4002 et
933 3937 959 4002 si
982 3960 1048 4002 uon
1069 3937 1189 4002 habeas
1203 3937 1346 4012 laterem,
1361 3932 1390 3994 in

295 4032 400 4118 lapide
416 4032 546 4096 sabuleo
562 4032 638 4096 item
653 4036 786 4120 quadro,
804 4037 890 4103 factis
911 4038 1032 4104 fossula
1052 4062 1125 4104 cum
1146 4039 1240 4116 ferro,
1256 4037 1345 4099 mitte
1360 4034 1389 4096 iu

295 4133 451 4198 carbones
467 4143 500 4196 et
514 4135 618 4198 suffla.
663 4134 810 4224 Cumque
822 4141 995 4221 canduerit,
1008 4142 1135 4227 impone
1150 4161 1273 4218 aurum,
1283 4157 1388 4223 super·

291 4236 449 4324 jectisque
470 4235 662 4302 carbonibus
683 4240 776 4302 suffia
797 4241 981 4322 diutissime,
998 4254 1093 4329 atque
1113 4245 1247 4327 ejectum
1268 4250 1388 4326 percute

296 4363 370 4405 cum
393 4340 525 4418 malleo,
549 4340 575 4401 si
598 4361 662 4403 uon
687 4341 851 4427 frangitur,
875 4346 991 4408 sufficit
1013 4346 1059 4424 ei;
1082 4346 1109 4407 si
1131 4366 1206 4407 vero
1229 4342 1387 4428 frangitur,

296 4465 390 4529 super
416 4443 513 4506 alium
541 4440 677 4525 lapidem
703 4441 815 4506 iterum
842 4467 968 4531 repone,
996 4458 1028 4511 et
1053 4449 1116 4513 hoc
1142 4444 1262 4509 tamdiu
1285 4443 1386 4516 maias,
