3166 5190
680 514 871 558 rflaorflltl
895 516 997 559 urana
1019 517 1071 558 lll.

638 824 874 920 CAPUT
932 825 1113 920 XXIL

352 1067 397 1108 DE
420 1068 582 1112 vascums
604 1070 651 1113 An
675 1071 983 1122 LIQUEFAClENDUM
1007 1070 1130 1114 AURUM
1154 1070 1197 1114 BT
1220 1068 1421 1113 ARGENTUH.

339 1213 501 1366 HAEO
516 1220 622 1282 omnia
639 1242 701 1305 prae
717 1220 862 1283 manibus
878 1219 1010 1298 habens,
1025 1220 1133 1305 accipe
1154 1219 1298 1305 argillam
1313 1217 1432 1295 albam,

448 1330 568 1384 attere
593 1344 663 1385 eam
692 1322 913 1401 minutissime,
939 1323 1141 1408 acceptisque
1166 1321 1249 1386 vasis
1271 1320 1432 1386 veteribus

334 1423 366 1483 in
391 1422 505 1507 quibus
541 1445 654 1487 aumm
677 1426 726 1488 vel
748 1434 915 1509 argentum
936 1425 1021 1510 prius
1052 1426 1190 1488 infusum
1214 1424 1316 1503 fuerit,
1340 1446 1432 1487 com-

335 1524 441 1586 minue
471 1525 679 1610 singulariter.
735 1527 817 1602 Quae
847 1528 873 1590 si
904 1550 968 1592 non
1005 1527 1136 1606 habeaS,
1165 1528 1273 1612 accipe
1295 1527 1431 1590 testulas

334 1625 403 1688 ollae
420 1627 509 1705 albae,
526 1637 558 1690 et
573 1629 663 1692 mitte
678 1652 732 1692 eas
754 1630 786 1691 in
802 1630 910 1714 ignem
925 1631 1028 1694 donec
1043 1630 1246 1706 candescant,
1262 1637 1294 1691 et
1316 1627 1343 1691 si
1364 1650 1433 1691 non

334 1727 483 1806 resiliunt,
500 1729 568 1793 sine
592 1730 768 1816 refrigerari
792 1742 824 1795 et
848 1741 914 1796 tere
936 1733 1145 1819 singulariter.
1192 1730 1318 1794 Deinde
1344 1752 1434 1817 pone

333 1830 412 1892 duas
438 1840 543 1915 partes
567 1832 686 1917 argillae
708 1832 789 1896 tritae
804 1834 852 1898 et¹
875 1844 1020 1921 quartam
1046 1842 1145 1897 coctae
1167 1842 1267 1912 testae,
1285 1841 1320 1895 et
1341 1853 1434 1895 com-

333 1932 466 1995 misceas
489 1956 561 1996 cum
588 1956 670 2020 aqua
694 1936 809 2021 tepida,
825 1958 951 2000 macera
975 1936 1106 2015 sortiter,
1122 1945 1154 2000 et
1175 1936 1248 1999 inde
1270 1956 1432 2020 compone

333 2036 460 2099 vascula
491 2037 612 2121 majora
641 2048 673 2101 ct
699 2039 831 2118 minora,
857 2039 889 2101 in
915 2039 1029 2125 quibus
1052 2038 1237 2124 liquefacias
1263 2059 1380 2100 aurum
1400 2047 1435 2100 et

332 2148 508 2224 argentum.
556 2139 686 2204 Interim
698 2163 784 2220 vero,
800 2141 877 2205 dum
892 2143 1058 2218 siccantur,
1067 2140 1199 2227 accepti
1213 2140 1334 2204 statera
1348 2162 1432 2225 pou·

331 2241 407 2303 dera
428 2264 540 2305 aumm
564 2243 613 2305 vel
634 2253 811 2328 argentum,
827 2245 912 2330 quod
937 2243 1060 2329 operari
1082 2241 1228 2306 volueris.
1273 2240 1376 2316 Quod
1404 2244 1433 2305 si

331 2352 497 2428 argentum
513 2366 626 2431 purum
641 2367 706 2409 non
722 2346 825 2425 fuerit,
842 2346 902 2410 hoc
918 2346 1015 2410 modo
1031 2345 1171 2431 purifica.

619 2870 852 2968 CAPUT
909 2870 1124 2966 XXHL

630 3093 676 3135 DE
700 3091 930 3136 PURIFICANDO
954 3091 1121 3135 ARGEN'l'O.

402 3224 546 3290 RIBRA
569 3225 699 3303 cinerea,
719 3224 928 3287 commiscens
944 3246 999 3288 eos
1015 3226 1111 3311 aqua,
1127 3234 1159 3288 et
1180 3224 1288 3309 accipe
1308 3234 1435 3290 testam

422 3330 492 3393 ollae
506 3328 537 3392 in
565 3328 638 3414 igne
662 3326 842 3412 probatam,
858 3348 930 3414 quae
952 3335 1049 3390 tantm
1069 3326 1298 3412 magnitudinis
1321 3328 1378 3407 sit,
1398 3331 1434 3393 iu

328 3454 392 3521 qua
412 3432 524 3497 credas
550 3439 718 3517 argentum
733 3430 886 3516 liquefieri
908 3451 1011 3516 posse,
1028 3429 1115 3515 quod
1136 3428 1294 3514 purificari
1317 3428 1436 3511 debet,

328 3547 442 3602 utnon
458 3533 648 3612 effundatur,
664 3539 697 3596 et
710 3532 801 3595 mitte
816 3533 938 3597 cineres
953 3533 986 3596 in
1000 3554 1082 3611 eam,
1098 3532 1130 3595 in
1145 3531 1250 3595 medio
1265 3541 1384 3597 tenues
1400 3544 1435 3598 et

327 3641 409 3704 circa
424 3658 513 3703 oram
528 3636 657 3721 spissos,
672 3645 705 3698 et
719 3634 803 3700 sicca
818 3635 860 3698 ad
881 3635 1044 3700 carbones.
1090 3635 1165 3711 Qua
1179 3635 1298 3699 siccata
1309 3655 1434 3701 amove

326 3740 510 3806 carbonesa
524 3739 651 3802 fornace
666 3737 838 3818 modicum,
848 3748 880 3801 et
894 3760 977 3824 pona
991 3738 1093 3823 ipsam
1106 3760 1179 3803 cum
1194 3736 1354 3803 cineribus
1367 3739 1435 3803 aab

326 3840 479 3906 foramine
503 3850 576 3904 ante
591 3841 763 3918 lomacem,
779 3840 823 3904 sic
850 3851 886 3904 ut
904 3849 1016 3905 ventus
1043 3863 1084 3905 ex
1108 3842 1182 3906 solla
1207 3841 1240 3904 in
1261 3860 1334 3905 eam
1358 3842 1432 3922 flet,

325 3939 592 4026 superpositisque
615 3940 805 4006 carbonibus
827 3943 920 4007 suffla
941 3944 1044 4009 donec
1067 3944 1247 4009 candescat
1295 3942 1434 4011 Deinde

325 4043 415 4107 mitte
431 4050 598 4129 argentum
612 4042 645 4106 in
660 4064 742 4122 eam,
757 4052 790 4107 et
804 4067 982 4131 superpone
995 4045 1155 4111 modicum
1167 4044 1300 4131 plumbi,
1312 4067 1433 4132 super-

320 4144 480 4232 jectisque
498 4144 692 4210 carbonibus
705 4145 842 4233 liquefac
857 4146 944 4227 illud,
960 4157 992 4213 et
1013 4147 1133 4212 habeas
1143 4147 1238 4233 juxta
1251 4155 1284 4211 te
1297 4148 1431 4234 virgam

326 4269 365 4312 ex
392 4269 467 4334 sepe
493 4257 587 4313 vento
609 4249 771 4329 siccatam,
788 4271 860 4314 cum
877 4272 940 4336 qua
961 4250 1175 4337 discooperies
1193 4250 1381 4335 diligenter,
1397 4262 1434 4316 et

682 4449 688 4478 ¹
708 4454 724 4478 r
735 4450 848 4511 zenam
859 4470 885 4502 α
896 4454 952 4503 rrs.
963 4414 1062 4515 eulpa
