3144 5184
323 527 366 588 32
685 543 874 587 rusoerrrur
902 544 1004 588 uses
1030 545 1052 587 1.

324 716 385 780 que
400 694 531 779 singulis
547 694 668 758 vicibus
684 695 788 773 facies,
804 696 905 759 donec
921 696 1050 759 omuino
1070 697 1291 759 attenuaveris.
1340 694 1427 759 Post

323 796 391 860 haec
421 796 545 859 iiicabis
573 819 627 861 eas
652 798 760 861 leniter
783 798 878 861 dente
902 798 969 883 apri
994 819 1088 882 super
1113 798 1252 884 ligneam
1276 799 1426 862 tabulam

323 899 487 983 aequalem,
503 919 679 984 usquequo
695 900 806 963 lucidae
822 900 910 962 fiant.

369 1000 494 1065 Deinde
516 1002 689 1087 conjunges
711 1004 838 1066 easdem
863 1012 966 1088 partes
990 1025 1085 1065 unam
1108 1002 1150 1065 ad
1172 1003 1304 1066 alteram
1327 1023 1427 1088 super

323 1105 425 1191 ipsam
455 1104 606 1182 tabulam,
631 1114 663 1168 et
686 1105 861 1169 adhaerebis
887 1128 941 1169 eas
966 1105 1107 1190 singulas
1130 1105 1173 1168 ad
1198 1105 1320 1190 lignum
1345 1127 1426 1168 cum

324 1228 406 1285 cera,
421 1230 460 1270 ne
475 1208 597 1291 possint
613 1208 740 1287 moveri,
754 1217 786 1272 et
802 1208 984 1292 superlinies
999 1228 1054 1293 eas
1069 1228 1168 1270 manu
1184 1216 1238 1270 tua
1253 1228 1292 1270 ex
1309 1229 1425 1292 supra-

323 1307 408 1372 dicto
424 1311 542 1393 glutine
557 1312 710 1375 vemition
726 1320 821 1397 atque
840 1310 975 1373 siccabis
990 1309 1030 1372 ad
1048 1309 1158 1372 solem.
1206 1306 1423 1373 Postmodum

323 1411 430 1495 accipe
446 1411 550 1495 virgas
574 1412 649 1497 ligni
672 1412 798 1497 putridi,
822 1435 901 1499 quas
923 1433 996 1475 cum
1021 1410 1121 1497 Aprili
1143 1409 1300 1488 incideris,
1318 1410 1425 1473 fiudes

324 1535 379 1597 per
401 1512 540 1576 medium
564 1524 597 1576 et
620 1514 753 1578 siccabis
778 1536 870 1600 super
894 1514 1026 1577 sumum.
1073 1512 1200 1577 Dehinc
1219 1512 1343 1576 auteres
1366 1535 1425 1575 ex·

324 1615 471 1677 teriorem
498 1615 656 1693 corticem,
681 1626 713 1679 et
737 1616 927 1694 interiorem,
953 1614 1006 1702 qui
1033 1623 1081 1678 est
1104 1636 1244 1694 croceus,
1269 1614 1363 1677 rades
1390 1615 1425 1677 iu

325 1718 439 1802 patella
454 1717 582 1794 munda,
598 1717 719 1781 addens
734 1718 762 1781 ei
779 1740 906 1782 crocum
921 1718 963 1781 ed
978 1717 1121 1803 quintam
1139 1724 1280 1800 partem3
1303 1724 1335 1779 et
1351 1736 1425 1801 per·

324 1817 421 1882 funde
437 1818 504 1881 haec
520 1819 593 1882 vino
609 1820 705 1883 veteri
720 1819 786 1883 sive
801 1820 934 1883 cervisia
948 1818 1157 1898 abundanter,
1172 1828 1206 1881 et
1221 1839 1294 1881 cum
1305 1817 1351 1881 ita
1367 1839 1425 1903 per

324 1930 450 1985 noctem
473 1921 604 2000 steterit,
626 1921 658 1983 in
681 1922 853 1986 crastinum
883 1921 1047 1986 calefacies
1073 1942 1167 2006 super
1188 1919 1296 2003 ignem
1318 1916 1424 1985 donec

324 2024 466 2109 liquefiat
479 2033 507 2104 ¹3
539 2023 647 2108 sicque
671 2024 814 2109 impones
843 2024 969 2088 tabulas
994 2033 1145 2110 stagneas
1169 2021 1364 2109 singulatim,
1390 2032 1425 2087 et

325 2126 503 2212 frequenter
517 2127 664 2205 elevabis,
679 2126 782 2190 donec
798 2126 987 2205 consideres,
1002 2125 1087 2211 quod
1103 2125 1267 2189 aureolum
1282 2125 1422 2189 colorem

324 2229 514 2294 sufficienter
535 2230 671 2293 trahant.
718 2229 861 2315 Postque
887 2250 1010 2292 rursum
1034 2226 1210 2292 adhaerebis
1233 2249 1287 2292 eas
1308 2227 1423 2314 ligneae

325 2332 440 2396 tabulae
455 2332 659 2418 superliniens
674 2332 783 2416 gluten
798 2330 879 2395 sicut
894 2331 989 2416 prius,
1005 2340 1038 2395 et
1053 2351 1126 2394 cum
1146 2329 1273 2394 siccatae
1295 2329 1422 2409 fuerint,

321 2433 390 2517 jam
411 2433 511 2498 habes
533 2443 680 2519 stagneas
703 2433 836 2519 petulas,
851 2454 932 2520 quas
953 2433 1099 2519 impones
1121 2432 1209 2517 operi
1231 2441 1288 2496 tuo
1309 2454 1424 2498 secuu-

326 2535 402 2598 dum
417 2535 542 2600 libitum
564 2537 684 2620 glutine
707 2537 793 2601 corii.
837 2536 886 2600 Ae
908 2536 1056 2622 deinceps
1077 2534 1185 2620 accipe
1204 2534 1326 2600 colores
1342 2557 1423 2621 quos

326 2638 486 2723 imponere
501 2638 646 2716 volueris,
660 2648 763 2702 tereus
786 2660 841 2702 eos
863 2638 1030 2724 diligenter
1044 2640 1115 2702 oleo
1130 2637 1184 2701 lini
1199 2638 1266 2701 sine
1281 2659 1376 2724 aqua,
1391 2648 1423 2701 et

327 2740 378 2803 fac
401 2739 555 2802 mixturas
571 2741 713 2803 vultuum
735 2761 774 2802 nc
788 2740 1045 2805 vestimentorum
1067 2740 1151 2804 sicut
1173 2739 1317 2825 superius
1340 2760 1423 2826 aqua

326 2840 456 2917 feceras,
471 2849 504 2903 et
525 2840 643 2903 bestias
665 2840 731 2903 sire
745 2863 819 2904 aves
842 2851 899 2905 aut
920 2842 994 2905 lolia
1009 2842 1144 2907 variabis
1166 2841 1231 2906 suis
1252 2841 1422 2918 coloribus,

328 2950 421 3028 prout
435 2942 568 3005 libuerit.

616 3486 848 3584 CAPUT
905 3488 1134 3584 XXVII.

489 3721 534 3763 DE
558 3722 749 3769 commuue
771 3726 860 3769 outo
884 3726 924 3769 m·
947 3725 1064 3770 Gummi
1087 3725 1269 3768 arsamus.

328 3868 531 4020 OMNIA
555 3897 671 3960 genera
694 3879 836 3944 colorum
862 3880 973 3945 eodem
990 3904 1103 3968 genere
1129 3883 1191 3948 olei
1213 3883 1270 3948 teri
1293 3896 1326 3947 et
1348 3884 1420 3970 poni

428 3985 560 4059 possunt
581 3976 615 4040 in
630 4000 725 4062 opere
748 3981 864 4067 ligneo,
880 3983 912 4046 in
935 3982 984 4047 bis
1006 3993 1131 4049 tautum
1147 3984 1241 4050 rebus
1262 4009 1335 4073 quae
1356 3987 1421 4051 sole

326 4074 435 4139 siccari
451 4087 596 4161 possunt,
608 4079 684 4165 quia
695 4084 944 4171 quotiescunque
955 4108 1052 4150 uuum
1068 4088 1206 4155 colorem
1222 4089 1420 4174 imposueris,

327 4178 458 4242 alterum
474 4180 502 4242 ei
525 4204 734 4268 superponere
756 4207 822 4249 nou
836 4195 938 4272 potes,
954 4188 1014 4252 nisi
1028 4189 1112 4274 prior
1128 4192 1319 4283 exsiccetur,
1334 4192 1419 4279 quod

326 4281 1107 4368 imaginibus¹diuturnumactaediosumestnimis.
1131 4292 1421 4360 Siautemvolueris

449 4469 455 4499 ¹
468 4474 484 4496 “
491 4472 604 4532 tepefiat,”
615 4475 643 4521 in
655 4478 738 4522 celeria
752 4478 928 4525 corridum-¹
939 4483 986 4528 “et
996 4481 1049 4529 aliis
1060 4482 1176 4542 picturus?
1192 4499 1218 4530 ec
1230 4486 1257 4531 0.
1270 4485 1300 4531 R.
