3018 5170
300 508 365 571 284
640 524 833 568 rasurarum
858 524 963 567 muna
986 523 1037 568 111.

300 678 383 762 piat;
406 675 516 761 sicque
542 696 637 759 super
662 674 797 738 eandem
821 686 926 739 cotem
952 674 1053 737 saliva
1082 672 1246 736 humidam
1271 669 1408 734 fricabis

300 788 422 863 parbem
449 779 654 864 laterisque
677 799 717 840 ex
741 778 878 864 antiquis
901 776 1038 839 vasculis
1059 775 1168 838 fracte
1190 772 1408 859 reperiuntur,

299 880 401 944 donec
417 879 516 942 saliva
531 880 634 964 spissa
649 888 682 943 et
703 879 802 942 rubea
817 880 873 942 fiat
881 903 891 958 3
914 899 1012 964 quam
1033 876 1124 939 linies
1146 896 1241 960 super
1254 875 1408 939 tabulam

300 982 482 1068 plumbeam
508 982 674 1067 aequslem,
702 1002 919 1066 superquam
945 980 1058 1043 leuiter
1086 977 1214 1041 fricabis
1243 978 1409 1041 electrum

300 1083 492 1168 usquedum
515 1084 638 1147 colores
660 1083 728 1167 ejus
744 1082 927 1146 translucidi
942 1083 1022 1144 fiant
1036 1090 1069 1144 et
1089 1078 1184 1159 clari;
1208 1097 1409 1163 mrsumque

299 1183 426 1248 fricabis
441 1183 571 1247 laterem
587 1206 661 1248 cum
676 1185 776 1247 saliva
790 1205 885 1269 super
895 1192 1011 1262 cotem,
1021 1193 1053 1246 et
1065 1182 1155 1245 linies
1170 1202 1266 1266 super
1278 1180 1409 1243 corium

300 1285 477 1370 hyrcinum,
493 1287 732 1371 tabulasligncae
742 1287 1067 1371 aequaliteraffixum3
1089 1282 1284 1369 superquod
1302 1281 1410 1366 polies

301 1388 405 1473 ipsum
428 1388 579 1451 electrum
594 1387 698 1451 donec
720 1389 850 1452 omnino
867 1388 998 1472 fulgeat,
1012 1391 1057 1450 ita
1079 1397 1115 1450 ut
1136 1385 1165 1448 si
1178 1384 1316 1448 dimidia
1330 1403 1409 1468 pars

301 1490 369 1573 ejus
384 1489 515 1553 humida
530 1491 586 1552 fiat
600 1499 633 1553 et
647 1490 779 1553 dimidia
787 1490 873 1554 sicca
888 1492 940 1569 sit,
952 1490 1058 1553 nullus
1072 1488 1174 1575 possit
1187 1487 1407 1562 considerare,

301 1613 372 1675 quaa
386 1612 459 1675 pars
474 1591 568 1670 sicca,
584 1613 656 1677 quae
671 1591 719 1654 vel
735 1591 865 1656 humida
881 1592 931 1655 sit.

642 1978 870 2075 CAPUT
932 1980 1071 2076 LVL

426 2200 472 2243 DE
494 2198 585 2242 Pron
607 2197 740 2242 cunels
764 2199 806 2242 ΕΤ
829 2198 965 2242 ΡΔΤΕΝΑ
987 2199 1101 2250 Arous
1122 2198 1278 2245 risuum.

305 2346 543 2499 DEINDE
559 2345 656 2409 funde
668 2367 780 2409 aurum
796 2346 904 2432 inquo
921 2346 1072 2411 formabis
1084 2347 1198 2432 pedem
1214 2369 1287 2411 cum
1303 2342 1399 2419 uodo,

414 2449 447 2512 in
462 2450 553 2536 cujus
568 2448 644 2511 nodi
667 2448 771 2511 medio
788 2459 884 2535 etque
900 2449 931 2512 in
955 2472 1012 2513 ora
1027 2450 1117 2535 pedis
1132 2449 1166 2513 in
1181 2449 1314 2513 circuitu
1335 2446 1400 2509 dis·

302 2574 402 2639 pones
418 2552 551 2615 limbum
566 2573 639 2614 cum
662 2551 820 2635 lapidibus
837 2559 868 2613 et
891 2550 1014 2614 electris
1029 2561 1066 2614 ut
1088 2574 1195 2639 supra.
1240 2551 1398 2614 Patenam

303 2676 430 2739 quoque
445 2676 519 2717 cum
535 2653 702 2717 formabis¹
720 2653 870 2717 mensurd
883 2662 916 2716 et
938 2653 1051 2733 sormd,
1066 2655 1132 2740 qud.
1152 2654 1301 2733 volueris,
1314 2653 1398 2716 circa
1507 2740 1508 2743 Ἴ

303 2777 392 2819 oram
407 2755 475 2841 ejus
492 2755 604 2818 eodem
620 2777 715 2839 opere
731 2764 763 2818 et
778 2755 888 2818 ordine
903 2756 1036 2820 limbum
1052 2757 1244 2842 operaberis,
1259 2756 1356 2819 facies
1365 2762 1397 2815 et
1507 2804 1508 2833 ἶ

302 2857 442 2920 fistulam
457 2878 586 2920 auream
601 2855 712 2919 ordine
728 2866 760 2919 et
775 2857 871 2921 modo
887 2880 952 2944 quo
967 2858 1110 2944 superius
1124 2868 1317 2944 argenteam.

346 2956 465 3020 Cruces
480 2978 608 3042 quoque
624 2966 656 3019 et
679 2957 821 3042 plenarie
836 2968 868 3021 et
884 2968 1067 3023 sanctorum
1082 2961 1252 3046 pignorum
1273 2957 1394 3034 scrinia,

302 3058 395 3122 simili
411 3058 512 3121 sormd
526 3079 599 3120 cum
615 3058 772 3143 lapidibus
787 3070 820 3122 et
833 3060 1030 3147 margaritis'
1044 3062 1226 3126 deomabis.

628 3448 854 3544 CAPUT
916 3449 1085 3546 LVIL

716 3670 763 3712 DE
784 3669 988 3715 consumo·

305 3828 513 3983 FACIES
529 3849 657 3914 quoque
681 3825 869 3888 colatorium
893 3848 1024 3891 aureum
1039 3827 1106 3892 sive
1130 3838 1315 3915 argenteum
1338 3830 1394 3894 hoc

400 3932 507 3996 modo.
554 3930 690 3993 Percute
704 3949 761 3990 vas
773 3928 940 4012 parvulum
955 3928 996 3991 ad
1012 3929 1251 3995 similitudinem
1267 3932 1394 3997 modica

302 4033 411 4123 pelvis,
422 4033 587 4097 latitudine
602 4030 727 4094 modice
750 4029 885 4113 amplius
900 4029 995 4094 unius
1018 4031 1159 4115 palmae¹,
1175 4033 1241 4113 (cui
1255 4034 1394 4120 impones

302 4136 436 4201 caudam
460 4131 665 4220 longitudinis
680 4131 773 4194 unius
793 4131 875 4194 ulnae
890 4138 935 4210 et)
961 4133 1129 4197 latitudine
1153 4136 1246 4199 unius
1266 4135 1394 4221 pollicis,

530 4293 537 4324 ¹
554 4290 603 4341 irad
614 4290 794 4338 “formaveris'’

529 4376 539 4404 ¹
556 4379 572 4403 “
581 4384 652 4436 atque
664 4373 776 4433 electris,”
788 4374 816 4421 iu
829 4374 886 4422 cod.
899 4376 998 4438 Guaelffrlt.

528 4456 539 4486 ⁸
551 4459 592 4505 Ex
604 4456 661 4505 G'od.
674 4456 774 4517 dulps
785 4456 869 4503 demat
879 4457 907 4504 ia
918 4459 1086 4522 Manmn'pto
1096 4460 1194 4509 Hordeo.
