3166 5190
314 558 379 621 220
665 578 854 622 rnssornrnr
880 578 983 622 monn
1005 579 1058 622 111.

311 728 452 814 graciles,
490 729 626 807 rotundi,
663 740 785 809 tenues,
821 730 981 816 trianguli,
1018 729 1240 816 quadranguli,
1276 730 1406 809 recurvi,

311 840 404 915 prout
420 830 540 915 expetit
555 831 690 895 varietas
712 833 816 917 operis
839 833 978 910 formati,
1001 833 1053 919 qni
1073 833 1186 896 malleo
1202 831 1321 896 debent
1335 855 1404 918 per-

310 932 384 995 cuti.
431 931 482 995 Fit
496 955 570 996 vero
593 934 709 997 serrum
732 934 844 999 eodem
863 935 959 999 modo
975 935 1155 1014 formatum,
1171 935 1227 998 sed
1242 935 1359 1020 gracile
1373 935 1405 996 in

310 1035 384 1111 fine,
399 1033 430 1096 in
447 1057 510 1121 quo
526 1045 574 1098 est
596 1036 739 1102 foramen
761 1038 858 1101 altero
881 1038 963 1101 ferro
983 1038 1147 1121 graciliore
1162 1036 1310 1117 inditum,
1325 1045 1358 1099 et
1372 1035 1402 1098 in

310 1134 440 1200 circuitu
466 1138 621 1219 limatum,
648 1140 733 1226 quod
760 1162 834 1203 cum
861 1161 1046 1225 percussum
1072 1138 1166 1203 fuerit
1195 1138 1228 1201 in
1255 1160 1333 1201 auro
1356 1138 1404 1201 rel

309 1249 441 1323 argento
472 1240 537 1305 aive
570 1262 668 1327 cupro
703 1243 866 1322 deaurato,
897 1251 1030 1328 apparet
1061 1242 1154 1328 quasi
1183 1240 1405 1305 subtilissimus

310 1340 454 1406 circulus.

626 1728 870 1825 CAPUT
934 1726 1079 1822 xit

641 1925 700 1990 'nn
724 1949 843 1993 ramus
866 1948 1059 1993 rucrsonrrs.

310 2095 499 2246 FIUNT
513 2120 641 2184 qnoque
663 2098 736 2161 ferri
750 2097 888 2162 incisorii
904 2099 976 2162 talis
999 2097 1237 2183 magnitudinis,
1252 2108 1290 2161 ut
1311 2099 1403 2184 plena

384 2221 480 2263 manu
490 2209 667 2278 teneantur,
679 2210 711 2263 et
722 2222 816 2286 super
825 2222 954 2264 manum
963 2199 1132 2277 emineant,
1145 2199 1200 2262 lati
1211 2209 1244 2262 et
1255 2202 1403 2286 aequales,

307 2301 435 2365 inferius
449 2302 544 2365 etiam
560 2324 689 2365 manum
705 2303 871 2381 excedant,
884 2302 949 2381 lati,
964 2311 1075 2365 tenues
1090 2311 1121 2364 et
1136 2301 1231 2365 acuti.
1278 2300 1401 2366 Horum

307 2406 388 2466 liunt
410 2405 500 2467 multi
523 2403 611 2489 parvi
626 2414 658 2467 et
672 2406 791 2492 magni,
807 2406 923 2492 quibus
945 2404 1092 2468 inciditur
1107 2426 1219 2467 aurum
1234 2414 1267 2469 et
1290 2425 1403 2490 argen-

308 2517 377 2570 tum
392 2508 458 2571 sive
474 2530 605 2593 cuprum
621 2508 769 2593 spissum.

634 2952 875 3049 CAPUT
936 2951 1044 3047 xl

534 3185 579 3228 DE
603 3185 723 3227 Fuluus
746 3183 794 3226 An
818 3181 1007 3226 mcmnnos
1028 3179 1168 3224 omos·

367 3332 459 3397 UNT
488 3344 521 3397 et
536 3333 605 3397 ferri
632 3343 743 3397 tennes
768 3344 800 3397 et
825 3333 924 3397 stricti
945 3330 1105 3417 perforati,
1120 3329 1153 3392 in
1178 3328 1295 3415 quibus
1317 3327 1394 3393 clavi

385 3437 574 3523 rapitantur,
590 3436 709 3522 magni,
725 3435 901 3499 mediocres
915 3444 948 3497 et
963 3432 1060 3518 parvi.

601 3671 1100 3683 ‘mu—-

631 3849 872 3948 CAPUT
930 3849 1073 3946 XVL

642 4075 688 4117 DE
704 4074 825 4117 mma
847 4073 1053 4119 rnrvsonns.

361 4230 455 4299 UNT
485 4230 580 4297 etiam
602 4227 675 4294 ferri
704 4225 857 4305 infusorii,
882 4223 981 4311 longi,
1008 4221 1135 4287 rotundi
1157 4230 1190 4285 et
1215 4221 1338 4308 quadri,
1360 4220 1391 4284 in

381 4337 496 4426 quibus
507 4332 648 4399 funditur
659 4328 864 4416 liquefactum
876 4347 997 4405 aurum,
1010 4332 1177 4410 argentum
1186 4323 1236 4387 vol
1251 4344 1391 4409 cupnun.

300 4443 382 4507 Sunt
395 4451 428 4505 et
451 4438 557 4504 circini
579 4436 667 4499 ferrei
692 4432 817 4496 duabus
834 4428 974 4515 partibus
998 4425 1177 4511 compositi,
1201 4425 1339 4510 majores
1361 4433 1393 4487 et

299 4544 447 4622 minores,
465 4540 540 4605 recti
555 4550 588 4603 et
602 4530 700 4600 curvi.
