3166 5190
331 559 390 620 142
681 578 872 621 rrraornrrr
899 579 1001 621 maren
1027 580 1063 620 rr.

323 729 402 805 vitri,
428 729 569 813 cooperi
596 730 654 792 levi
679 731 793 805 colore,
816 730 871 814 qui
895 752 959 792 non
982 731 1023 792 sit
1045 739 1111 793 tarn
1133 730 1252 793 densus
1278 731 1359 794 sicut
1374 753 1420 793 se-

322 831 427 894 cunda
450 830 571 907 umbra,
594 854 652 893 nec
678 842 742 894 tarn
768 833 871 894 clarus
894 832 977 895 sicut
994 831 1098 910 tertia,
1115 831 1169 895 sed
1186 832 1266 895 inter
1282 833 1341 895 has
1357 855 1421 895 me·

321 934 401 997 dius.
449 933 523 1008 Quo
546 935 706 996 exsiccato
731 934 779 997 fac
804 955 877 996 cum
899 934 1002 997 cauda
1025 935 1150 1019 pincelli
1167 935 1263 1018 juxta
1293 935 1421 998 umbras

321 1037 450 1122 priores,
488 1057 567 1121 quas
605 1036 734 1113 feceras,
773 1036 902 1099 subtiles
934 1045 1054 1099 tractus
1083 1059 1123 1099 ex
1155 1046 1285 1124 utraque
1321 1048 1421 1122 parte,

322 1141 366 1203 ita
401 1150 436 1202 ut
466 1139 545 1201 inter
575 1139 634 1201 bos
665 1138 801 1201 tractus¹
834 1138 963 1200 umbras
992 1137 1076 1199 illius
1106 1137 1183 1200 levis
1210 1138 1324 1201 coloris
1348 1138 1422 1201 sub·
1462 1154 1465 1159 '
1578 1116 1579 1131 ἶ

322 1243 391 1305 tiles
416 1252 535 1304 tractus
560 1251 753 1304 remaneant.
810 1239 848 1301 ln
876 1241 996 1326 reliquo
1020 1250 1127 1302 autem
1153 1239 1202 1303 fac
1226 1240 1363 1303 circulos
1392 1251 1423 1304 et

323 1366 437 1422 ramosi,
462 1355 494 1407 et
519 1344 551 1406 in
580 1343 624 1406 eis
651 1344 745 1405 flores
771 1364 809 1405 ac
837 1342 911 1405 folia
933 1343 1046 1405 codem
1069 1342 1176 1420 moda,
1199 1363 1263 1428 quo
1286 1343 1371 1405 liunt
1391 1343 1422 1406 in

322 1447 432 1511 litteris
448 1447 559 1531 pictis;
584 1446 639 1508 sed
656 1467 787 1530 campos
803 1445 857 1530 qui
874 1444 1032 1508 coloribus
1054 1444 1225 1530 implentur
1246 1444 1280 1506 in
1301 1445 1423 1523 litteris,

323 1550 419 1614 debes
435 1549 466 1611 in
484 1550 564 1611 vitro
580 1547 792 1611 subtilissimis
808 1547 993 1610 ramusculis
1017 1546 1156 1632 pingere.
1203 1546 1302 1611 Potes
1323 1548 1423 1612 etiam

322 1653 354 1714 in
378 1652 454 1736 ipsis
483 1651 607 1714 circulis
638 1650 794 1712 interdum
824 1649 975 1712 bestiolas
1002 1659 1034 1711 et
1063 1649 1210 1727 aviculas,
1234 1650 1423 1714 vermiculos

321 1776 383 1840 que
398 1775 436 1817 ac
452 1754 553 1816 nudas
568 1753 721 1837 imagines
737 1752 882 1813 inserere.
922 1750 1047 1813 Eodem
1063 1752 1159 1814 modo
1175 1751 1273 1814 facies
1289 1774 1423 1838 campos

320 1878 360 1918 ex
375 1855 449 1918 albo
466 1855 650 1932 clarissim0,
666 1854 756 1938 cujus
772 1853 876 1938 campi
891 1852 1047 1938 imagines
1062 1853 1176 1917 vesties
1191 1876 1264 1917 cum
1280 1855 1423 1940 saphiro,

321 1956 422 2036 viridi,
449 1979 596 2042 purpura,
623 1965 655 2017 et
681 1955 866 2019 rubicundo.
925 1954 963 2017 ln
994 1955 1114 2040 campis
1137 1978 1211 2019 vero
1240 1956 1361 2041 saphiri
1392 1968 1424 2022 et

321 2060 429 2123 viridis
451 2059 564 2123 coloris
587 2059 697 2122 eodem
721 2059 818 2122 modo
841 2058 984 2144 depictis,
1007 2068 1039 2122 et
1060 2058 1226 2123 rubicundi
1249 2081 1314 2123 nou
1333 2060 1423 2146 picti,

321 2164 418 2228 facies
442 2164 631 2226 vestimenta
652 2184 692 2224 ex
715 2161 788 2224 albo
811 2160 996 2239 clarissimo,
1019 2183 1083 2246 quo
1106 2161 1282 2225 vestimenti
1305 2184 1425 2248 genere

322 2268 443 2330 nullum
458 2265 631 2352 speciosius
646 2273 703 2327 est.
739 2262 790 2326 Ex
806 2283 900 2347 supra
914 2263 1009 2326 dictis
1024 2263 1125 2327 tribus
1139 2263 1297 2327 coloribus
1308 2264 1424 2351 pinges

321 2370 353 2432 in
369 2369 474 2433 limbis
490 2390 595 2432 ramos
610 2375 643 2429 et
657 2365 742 2443 solia,
757 2366 851 2428 flores
867 2376 899 2428 et
913 2366 1026 2444 nodos,
1042 2365 1152 2429 ordine
1167 2387 1232 2451 quo
1247 2387 1368 2452 suprs;
1392 2379 1425 2431 et

321 2472 417 2535 uteris
433 2471 550 2534 eisdem
567 2470 599 2531 in
615 2468 752 2532 vultibus
767 2466 944 2554 imaginum
960 2478 993 2532 et
1007 2468 1154 2532 manibus
1172 2489 1210 2532 ac
1232 2468 1372 2554 pedibus
1394 2480 1426 2534 et

321 2574 353 2635 in
368 2573 461 2635 nudis
477 2571 625 2635 membris
640 2593 697 2656 per
711 2570 818 2635 omnia
834 2593 890 2656 pro
906 2593 943 2635 eo
959 2573 1075 2651 colore,
1098 2571 1152 2659 qui
1175 2571 1207 2633 in
1230 2572 1425 2656 praecedenti

320 2676 399 2738 libro
414 2674 527 2737 dicitur
541 2695 628 2758 pose.
673 2672 796 2737 Croceo
811 2674 892 2737 vitro
916 2695 981 2738 non
1003 2675 1137 2737 multum
1160 2673 1256 2737 uteris
1277 2674 1311 2736 in
1325 2676 1424 2740 vesti-

322 2777 435 2840 mentis
456 2775 515 2839 nisi
541 2775 574 2837 in
599 2776 725 2838 coronis
749 2786 781 2839 et
802 2777 835 2839 in
857 2776 1002 2839 eis'locis
1024 2775 1078 2840 ubi
1101 2798 1211 2840 aurum
1235 2778 1425 2862 ponendum

322 2890 407 2943 esset
421 2880 453 2942 in
469 2878 600 2964 pictura.
647 2875 707 2940 His
723 2879 871 2942 omnibus
888 2879 933 2942 ita
955 2879 1127 2965 compactis
1149 2901 1188 2944 ac
1209 2880 1344 2965 depictis
1369 2904 1426 2946 co·

321 2981 481 3068 quendum
507 2990 556 3044 est
569 2980 685 3043 vitrum
711 2990 744 3043 et
769 2981 856 3045 color
883 2982 1119 3061 confirmandus
1144 2982 1178 3045 in
1201 2982 1293 3046 fumo
1324 3006 1425 3069 quem

321 3107 494 3171 compones
508 3085 570 3147 hoc
584 3083 691 3147 modo.

622 3732 860 3829 CAPUT
918 3733 1100 3831 XXII.

520 3948 566 3990 ms
588 3928 703 3993 sueno
726 3950 763 3992 ru
787 3932 863 4000 ouo'
880 3952 1014 3996 vrrnuu
1038 3954 1222 4007 caumana.

321 4095 547 4249 ACCIPE
572 4100 679 4186 virgas
699 4100 856 4165 flexibiles
883 4102 1020 4188 infigens
1050 4128 1104 4171 eas
1131 4115 1222 4171 terrae
1244 4108 1276 4170 in
1298 4111 1424 4195 angulo

438 4200 564 4281 domus,
602 4212 739 4290 utroque
770 4205 876 4291 capite
913 4209 1076 4293 aequaliter
1111 4210 1144 4273 in
1181 4211 1425 4276 similituninem

319 4323 461 4383 arcuum,
476 4304 531 4389 qui
553 4326 646 4369 arcus
660 4305 802 4370 habeant
816 4308 1015 4373 altitudinem
1030 4312 1120 4396 pedis
1143 4323 1175 4376 et
1190 4314 1321 4394 dimidii,
1346 4316 1425 4378 lati-

615 4490 621 4517 ¹
638 4493 695 4541 Cael.
708 4495 806 4557 Gaulpb.
820 4498 836 4521 “
844 4503 868 4542 et
879 4496 964 4556 priores
973 4497 985 4515 ‘⁹
996 4500 1113 4563 interposi.
