3018 5170
298 500 362 562 20¹4
659 522 846 564 rusorum
872 522 977 565 murra
1000 524 1052 566 111.

299 693 371 732 eum
397 670 566 733 deauratur
592 682 625 733 et
650 693 744 756 super
771 672 879 757 ignem
893 674 1073 760 frequenter
1095 687 1127 738 et
1146 675 1202 738 diu
1227 676 1403 755 coloratur,

299 774 461 836 elevantur
483 796 539 858 per
553 775 623 837 ioca
647 775 777 838 subtiles
797 775 922 855 vesieae,
938 799 1010 863 quae
1034 800 1107 841 cum
1130 780 1321 864 franguntur
1341 801 1404 863 ap-

301 886 389 958 paret
404 887 582 960 argeutum,
599 889 631 940 et
645 900 725 962 opus
741 878 936 963 deturpatur,
951 901 1010 943 nec
1034 888 1140 965 potest
1161 881 1326 946 emendari
1340 880 1405 944 nisi

294 979 489 1040 deauratura
504 979 634 1042 omniuo
649 980 808 1058 eradatur,
824 988 857 1044 et
871 981 976 1046 denud
990 982 1166 1046 deauretur.

683 1260 1107 1269 -—-.--——---———

600 1467 845 1564 CAPUT
906 1466 1103 1564 XLVL

592 1707 639 1750 na
661 1708 754 1751 aueo
776 1708 898 1751 raram
920 1688 1101 1751 armara'.

388 1855 471 1921 URI
489 1858 589 1920 multa
603 1867 677 1920 suut
691 1879 818 1941 genera,
827 1880 867 1921 ex
879 1859 995 1945 quibus
1010 1858 1202 1946 praecipuum
1215 1860 1358 1925 nascitur
1369 1861 1402 1923 iu

408 1969 491 2023 terra
519 1959 657 2037 Evilath,
673 1980 770 2044 quam
797 1958 937 2023 Phisou²
957 1953 1073 2024 fluvius
1089 1962 1199 2025 circuit
1222 1965 1400 2027 secundum

301 2062 463 2125 Genesim.
508 2061 608 2147 Cujus
631 2083 738 2141 renas,
755 2084 829 2125 cum
844 2063 905 2125 sub
926 2071 1011 2125 terra
1033 2063 1209 2127 invenerint
1223 2064 1284 2127 viri
1305 2064 1401 2151 hujus

300 2166 376 2228 artis
392 2165 494 2249 periti,
509 2164 676 2241 effodiunt,
692 2172 725 2227 et
745 2163 820 2248 igue
844 2164 1045 2249 purificatum
1062 2175 1159 2252 atque
1173 2165 1303 2230 camino
1326 2188 1399 2252 pro-

300 2268 410 2331 batum
425 2268 456 2330 iu
472 2288 549 2330 usus
565 2287 639 2329 suos
655 2265 812 2351 redigunt.

584 2711 825 2809 CAPUT
890 2711 1119 2809 XLVH.

675 2944 721 2987 DE
743 2943 836 2987 Auno
857 2941 1020 2987 aafflco.

378 3093 429 3157 ST
448 3103 481 3158 et
495 3115 606 3158 aurum
621 3092 796 3155 Arabicum
811 3089 1074 3176 pretiosissimum
1090 3100 1125 3154 et
1141 3093 1249 3158 eximii
1266 3097 1394 3176 ruboris,
1503 3092 1504 3161 Ϊ

399 3195 489 3280 cujus
517 3216 592 3258 usus
616 3193 649 3255 iu
675 3192 903 3279 antiquissimis
929 3190 1014 3253 vasis
1034 3191 1215 3279 frequenter
1235 3199 1393 3282 reperitur,
1503 3182 1504 3227 ⁷

299 3299 390 3385 cujus
406 3296 543 3383 speciem
559 3295 701 3359 moderni
718 3294 851 3379 operarii
864 3291 1076 3372 mixtiuntur⁸,
1098 3293 1175 3358 dum
1185 3297 1305 3380 pallido
1320 3320 1393 3363 auro
1503 3310 1504 3385 t

299 3401 444 3487 quintam
469 3407 590 3483 partem
607 3396 694 3460 rubei
710 3396 796 3482 cupri
813 3396 944 3474 addunt,
971 3406 1004 3459 et
1019 3396 1136 3460 multos
1151 3397 1299 3464 incautos
1313 3400 1394 3465 deci·

301 3502 402 3587 piunt.
447 3499 544 3575 Quod
561 3501 622 3563 hoc
645 3499 742 3562 modo
759 3498 863 3561 caveri
879 3507 994 3584 potest,
1009 3507 1045 3562 ut
1067 3498 1210 3563 mittatur
1223 3501 1257 3563 in
1279 3502 1393 3588 ignem,

300 3612 332 3667 et
347 3604 374 3666 si
389 3625 503 3688 purum
526 3611 575 3666 est
589 3623 712 3680 aurum,
723 3622 787 3663 uon
804 3600 922 3663 amittit
933 3601 1100 3685 fulgorem,
1117 3603 1142 3665 si
1158 3624 1234 3667 vero
1249 3604 1392 3680 mixtum,
1503 3606 1504 3657 i

300 3704 431 3767 omnino
447 3712 550 3767 mutat
565 3704 713 3767 colorem.

560 3876 568 3906 ¹
586 3880 602 3905 “
613 3877 714 3938 Evilat,”
724 3878 753 3927 ia
765 3880 822 3928 Ood.
834 3880 934 3944 evipi.

559 3957 570 3987 ⁸
586 3961 603 3985 “
614 3959 706 4022 ayonss’
714 3961 745 4008 ia
756 3962 814 4009 dod.
824 3962 923 4026 aaut,
934 3960 998 4012 ataid
1006 3970 1117 4027 apparet·

559 4036 570 4066 ⁸
585 4036 641 4099 imi,
660 4042 677 4068 ‘⁴
685 4040 847 4090 mimum?
