3166 5190
333 590 396 650 936
421 598 427 609 '
688 607 879 649 rusornrur
904 606 1006 649 mssa
1031 606 1081 649 ιιι.

332 770 437 822 costas
453 760 478 821 si
496 761 630 821 volueris
651 780 723 822 cum
747 758 864 843 nigello
888 780 1009 844 parare,
1025 758 1086 822 hoc
1111 778 1246 842 procura
1262 766 1297 818 ut
1315 776 1426 840 argen-

333 874 401 926 tum
417 861 548 946 spissius
564 861 614 940 sit,
630 872 662 924 et
684 862 729 923 sic
751 883 811 946 oge
836 869 871 922 ut
896 881 959 922 una
981 871 1071 924 costa
1094 860 1261 922 deauretur
1277 868 1309 919 et
1330 858 1427 920 altera

333 964 524 1048 denigretur,
554 985 634 1050 quas
667 985 791 1048 semper
821 974 946 1048 oportet
975 984 1067 1048 pares
1097 983 1176 1025 esse.
1233 957 1325 1034 Quas
1357 980 1427 1022 cum

333 1066 535 1155 percusseris,
565 1066 640 1128 lima
669 1066 831 1151 aequaliter
860 1074 893 1129 et
921 1065 1008 1142 rade,
1037 1072 1070 1127 et
1090 1063 1123 1125 in
1146 1063 1205 1126 illis
1235 1084 1316 1149 quas
1341 1061 1428 1125 deni·

334 1188 424 1252 grare
447 1167 504 1245 vis,
529 1166 674 1252 pertrahe
696 1189 801 1252 graeca
823 1166 899 1230 folia
923 1178 956 1230 et
977 1166 1052 1231 fode
1073 1187 1184 1251 grosso
1206 1174 1322 1242 tractu,
1344 1184 1428 1226 cam·

335 1289 455 1353 pesque
470 1289 579 1330 eorum
595 1267 696 1331 fodies
711 1269 880 1353 gracilibus
895 1269 1020 1355 circulis
1034 1278 1067 1331 et
1080 1266 1187 1331 subtili
1202 1288 1309 1352 opere,
1318 1263 1429 1329 deiude

334 1390 490 1454 compone
506 1369 655 1454 nigellum
672 1370 732 1433 boc
748 1370 854 1434 modo.

606 2072 836 2168 CAPUT
897 2074 1161 2169 XXVIII.

754 2321 801 2363 DE
824 2321 982 2365 nissum.

426 2471 566 2536 CCIPE
592 2480 758 2557 argentum
785 2493 910 2557 pumm,
934 2481 966 2535 et
988 2494 1081 2559 aequo
1107 2472 1246 2558 pondere
1268 2472 1375 2536 divide
1404 2474 1435 2535 in

457 2574 533 2652 duo,
548 2574 671 2637 addens
687 2573 716 2636 ei
739 2573 862 2636 tertiam
881 2583 1000 2658 partem
1027 2573 1116 2659 cupri
1140 2573 1220 2659 puri.
1265 2571 1357 2650 Quas
1373 2584 1436 2639 tres

341 2686 457 2761 partes,
487 2698 560 2739 cum
598 2675 719 2739 miseris
748 2675 781 2738 in
812 2675 903 2739 fusile
932 2678 1106 2755 vasculum,
1136 2676 1278 2762 ponder‘a
1311 2687 1435 2741 tantum

341 2776 472 2861 plumbi,
496 2790 651 2864 quantum
674 2778 827 2863 appendit
853 2778 1007 2842 medietas
1031 2779 1129 2865 ipsius
1152 2779 1252 2864 cupri,
1275 2779 1363 2865 quod
1388 2801 1438 2842 ar·

341 2888 438 2964 gente
454 2879 617 2959 miscuisti,
633 2888 865 2966 acceptumque
889 2881 1020 2966 sulphur
1043 2901 1191 2944 croceum
1209 2880 1320 2967 frange
1337 2880 1438 2943 minu-

341 2981 442 3059 tatim,
465 2991 497 3044 et
519 2981 608 3044 mitte
633 2981 798 3066 plumbum
822 2991 854 3045 et
883 2991 1006 3068 partem
1036 2982 1134 3069 ipsius
1163 2982 1324 3068 sulphuris
1346 3004 1440 3069 super

342 3084 505 3146 vasculum
521 3106 683 3169 cupreum,
698 3106 735 3147 ac
758 3084 912 3170 reliquum
936 3084 1097 3170 sulphuris
1120 3084 1208 3149 mitte
1232 3085 1265 3147 in
1279 3085 1367 3149 aliud
1383 3106 1439 3149 ras

343 3185 443 3249 fusile.
468 3185 615 3272 Cumque
631 3187 826 3273 liquefeceris
840 3198 1008 3273 argentum
1024 3210 1097 3251 cum
1121 3209 1232 3274 cupro,
1247 3209 1340 3252 move
1356 3188 1439 3273 pari·

342 3301 390 3352 ter
405 3309 479 3351 cum
494 3288 641 3366 carbone,
652 3289 822 3374 statimque
836 3289 967 3353 infunde
979 3289 1008 3353 ei
1024 3290 1188 3376 plumbum
1204 3299 1236 3353 et
1250 3289 1385 3375 sulphur
1399 3310 1438 3351 ex

343 3412 460 3475 cupreo
476 3391 616 3469 vasculo,
631 3400 664 3454 et
683 3412 807 3455 rursum
823 3392 995 3456 commisce
1010 3414 1083 3455 cum
1106 3393 1244 3456 carbone
1259 3391 1394 3469 fortiter,
1408 3400 1440 3454 et

343 3515 416 3558 cum
432 3493 632 3558 festinatione
647 3493 745 3557 funde
759 3493 791 3556 in
807 3493 894 3557 aliud
911 3515 967 3558 vas
982 3494 1073 3559 fusile
1095 3516 1191 3581 super
1205 3491 1338 3579 sulphur
1352 3492 1440 3581 quod

343 3597 376 3659 in
400 3619 439 3661 eo
463 3596 605 3675 miseras,
628 3616 767 3682 moxque
790 3596 936 3681 deposito
961 3596 1101 3675 vasculo,
1117 3617 1190 3659 cum
1212 3617 1277 3682 quo
1300 3596 1439 3673 foderas,

344 3698 453 3783 accipe
468 3699 543 3762 illud
559 3699 591 3761 in
607 3699 693 3785 quod
710 3698 830 3776 fudisti,
846 3708 878 3762 et
893 3698 984 3762 mitte
998 3699 1031 3761 iu
1046 3699 1153 3785 ignem
1169 3699 1271 3763 donec
1286 3699 1440 3784 liquefiat,

344 3802 520 3886 iterumque
543 3822 751 3864 commovens
776 3800 873 3864 funde
899 3805 931 3863 ln
957 3800 1073 3865 ferrum
1100 3801 1297 3866 infusorium.
1343 3798 1439 3876 Quod

345 3902 431 3988 prius
455 3923 552 3987 quam
575 3901 735 3988 frigescat,
761 3912 887 3988 percute
912 3903 1083 3982 modicum,
1107 3914 1142 3968 et
1169 3903 1288 3968 calefac
1318 3918 1441 3989 parum,

346 4022 534 4086 rursumque
559 4012 697 4086 percute,
715 4004 824 4090 sicque
843 4004 940 4069 facies
966 4004 1069 4069 donec
1088 4007 1218 4070 omniuo
1241 4007 1440 4071 adtenuetur.

348 4103 472 4167 Natura
486 4104 571 4169 enim
587 4104 691 4191 nigelli
708 4106 780 4170 talis
795 4118 852 4183 est,
868 4120 904 4171 ut
918 4108 945 4170 si
960 4107 1109 4194 frigidum
1134 4109 1317 4194 percutitur,
1332 4107 1442 4172 statim

346 4208 502 4294 frangitur
523 4223 555 4270 et
577 4208 682 4286 resilit,
698 4230 757 4271 nec
781 4207 878 4272 debet
900 4209 945 4272 sic
969 4210 1115 4289 calefieri,
1136 4222 1172 4274 ut
1195 4211 1353 4289 rubescat,
1369 4210 1442 4296 quia

347 4310 454 4376 statim
470 4310 615 4396 liquescit
630 4320 663 4372 et
677 4309 747 4372 fluit
761 4310 793 4372 in
809 4311 941 4376 cineres.
970 4312 1187 4376 Adtenuatum
1202 4334 1278 4376 vcro
1291 4311 1441 4397 nigellum

264 4476 269 4483 .
347 4415 437 4479 mitte
461 4414 493 4477 in
518 4414 681 4477 vasculum
708 4412 901 4499 profundum
927 4424 959 4478 et
981 4414 1129 4500 spissum,
1152 4425 1186 4478 et
1209 4413 1442 4499 superfundens

347 4538 474 4602 aquam,
489 4515 652 4601 confringe
673 4537 745 4579 cum
769 4517 881 4580 malleo
908 4516 1055 4595 rotundo,
1071 4516 1174 4579 donec
1197 4514 1442 4578 minutissimum
