3018 5170
311 543 375 606 258
669 565 861 608 rasorum
887 565 991 611 arnan
1014 566 1067 609 111.

311 715 459 799 nigellum
479 738 551 779 cum
574 716 671 779 saliva
693 717 906 779 madefactum
929 717 1096 804 diligenter
1117 740 1156 781 ac
1177 718 1341 803 aequaliter
1360 740 1417 804 per

311 817 428 894 omnia,
459 817 560 880 donec
598 829 718 881 tractus
748 842 860 883 ornnes
893 832 1001 905 aperte
1030 821 1196 884 videantur
1226 832 1259 883 et
1288 821 1417 884 omnino

310 940 435 1003 aequum
452 921 502 983 sit.
548 919 679 985 Habeas
702 922 798 985 etiam
820 924 942 1008 lignum
965 925 1006 987 de
1029 925 1141 987 arbore
1163 923 1240 1001 tilia,
1264 924 1418 1008 grossitu-

310 1020 383 1084 dine
399 1032 431 1084 et
447 1023 645 1107 longitudine
662 1024 782 1087 minimi
798 1025 899 1110 digiti,
916 1026 1035 1090 siccum
1051 1037 1084 1089 et
1098 1026 1261 1112 aequaliter
1272 1026 1417 1103 incisum;

310 1146 404 1208 super
426 1126 512 1211 quod
536 1148 636 1210 pones
659 1128 820 1213 pulverem
844 1129 931 1191 illum
953 1109 1131 1207 humidum,
1149 1129 1203 1215 qui
1218 1129 1362 1213 procedit
1376 1130 1417 1192 de

310 1227 415 1311 lapide
430 1240 462 1290 et
479 1229 579 1291 saliva
601 1230 633 1290 in
657 1230 813 1309 fricando,
830 1240 862 1293 et
884 1253 958 1293 cum
978 1231 1046 1316 ipso
1062 1232 1151 1317 ligno
1167 1253 1204 1294 ac
1220 1231 1334 1294 eodem
1345 1232 1417 1316 pul·

309 1353 383 1393 vere
405 1330 580 1393 diutissime
603 1331 731 1394 fricabis
754 1333 918 1417 nigellum,
940 1344 973 1396 et
995 1333 1105 1397 leviter
1126 1355 1314 1419 semperque
1333 1331 1417 1395 adde

310 1434 443 1495 salivam
458 1443 494 1496 ut
514 1433 680 1496 humidum
699 1434 749 1512 sit,
764 1434 866 1497 donec
888 1436 1028 1499 lucidum
1044 1436 1102 1499 fiat
1116 1458 1173 1521 per
1187 1435 1305 1499 omnia.
1351 1435 1418 1498 De-

311 1535 384 1597 inde
401 1536 476 1599 tolle
491 1558 600 1620 sepum
625 1537 664 1599 de
688 1537 843 1601 foramine
867 1538 1007 1602 auricula
1025 1550 1096 1617 tuae,
1113 1548 1146 1602 et
1161 1560 1234 1602 cum
1249 1536 1417 1600 exterseris

310 1638 462 1721 nigellum
485 1639 570 1702 lineo
593 1660 701 1723 panno
725 1639 841 1719 subtili,
858 1663 913 1725 per
935 1641 1043 1704 omnia
1058 1641 1159 1719 linies,
1182 1648 1215 1704 et
1236 1660 1310 1703 cum
1331 1639 1417 1702 corio

311 1739 454 1824 hyrcino,
477 1742 543 1804 sive
566 1742 693 1806 cervino
719 1742 830 1805 leniter
856 1743 994 1821 fricabis,
1021 1742 1124 1807 donec
1146 1742 1276 1806 omnino
1298 1741 1416 1804 clarum

312 1841 379 1904 fiat.

621 2455 861 2554 CAPUT
923 2455 1103 2551 XLII.

617 2715 663 2757 DE
685 2713 825 2757 ORNATU
848 2712 946 2755 vaals
969 2711 1113 2756 camera.

387 2896 462 2959 ALI
487 2897 583 2960 modo
605 2896 753 2959 auriculis
776 2896 908 2980 pleniter
930 2896 1087 2982 perfectis,
1103 2895 1212 2983 accipe
1226 2917 1285 2959 vas
1299 2895 1413 2973 calicis,

409 3000 499 3083 cujus
521 3010 628 3062 costas
651 2998 793 3083 superius
815 2998 990 3084 denigrasti
1005 2998 1164 3077 dimidias,
1187 3007 1219 3061 et
1239 2998 1321 3078 illas,
1339 3019 1413 3086 quas
1506 3008 1507 3011 ’

312 3101 395 3165 inter
410 3100 468 3163 has
483 3099 605 3186 absque
627 3101 744 3184 nigello
768 3100 932 3187 reliquisti,
954 3100 1030 3163 lima
1051 3101 1213 3187 aequaliter
1227 3108 1261 3164 et
1275 3101 1364 3178 rade,
1378 3120 1412 3162 ae

312 3201 457 3289 pertrahe
479 3200 511 3263 in
534 3201 579 3264 eis
603 3223 683 3285 opus
706 3202 922 3287 quodcunque
937 3200 1083 3278 volueris,
1106 3200 1152 3264 sic
1173 3210 1281 3263 tamen
1302 3210 1342 3263 ut
1361 3199 1412 3262 ali·

312 3305 501 3393 quantulum
523 3302 682 3387 discrepet
706 3304 747 3368 ab
770 3302 856 3367 omni
880 3324 976 3387 opere
999 3303 1115 3388 nigelli,
1137 3310 1233 3389 atque
1255 3323 1330 3365 cum
1354 3302 1411 3364 fos·
1506 3338 1507 3359 i

313 3410 396 3473 sorio
418 3408 501 3471 ferro
524 3405 633 3493 gracili
658 3405 814 3469 subtiliter
837 3404 921 3468 fode.
969 3404 1049 3468 Post
1071 3403 1138 3467 baec
1161 3402 1332 3467 deaurabis
1354 3422 1410 3477 eae,

311 3522 478 3598 totumque
498 3531 554 3573 vas
576 3508 708 3571 interius
734 3517 766 3572 et
792 3507 929 3571 exterius
953 3517 1089 3592 excepto
1111 3505 1239 3591 nigello,
1261 3515 1296 3569 et
1318 3506 1410 3592 polles
1506 3530 1507 3549 r

312 3607 408 3701 atque
427 3613 585 3677 colorabis
606 3611 688 3674 sicut
702 3610 870 3673 auriculas.
918 3609 1042 3672 Deinde
1057 3609 1220 3694 cooperies
1236 3617 1268 3671 et
1283 3610 1410 3673 circum·
1506 3616 1507 3695 l

310 3716 425 3801 ligabis
440 3715 609 3778 rotundam
625 3712 772 3776 incudem
784 3734 857 3774 cum
869 3733 1061 3797 pergameno
1072 3710 1196 3798 aequali,
1213 3729 1408 3798 superquam

313 3839 413 3901 pones
428 3839 494 3893 vas,
509 3817 594 3902 quod
612 3824 719 3878 teneat
738 3836 816 3899 puer
835 3822 909 3876 ante
927 3823 959 3876 te
974 3814 1088 3877 sedens
1103 3814 1243 3900 utrisque
1259 3812 1407 3886 manibus,
1506 3812 1507 3817 ’

312 3928 467 4002 coaptans
490 3939 747 4004 unamquamque
769 3926 891 3980 costam
918 3916 1024 3979 incudi
1046 3916 1218 4002 aequaliter,
1241 3917 1408 3980 secundum

314 4021 400 4107 quod
416 4020 444 4083 ei
462 4020 604 4105 jusseris
651 4019 782 4082 Interim
800 4020 875 4083 tolle
894 4019 1010 4082 sermm
1028 4018 1154 4103 gracile,
1170 4018 1256 4104 quod
1272 4017 1408 4081 foramen

314 4125 412 4188 habet
437 4123 469 4185 in
495 4121 635 4207 cuspide,
665 4122 756 4207 cujus
788 4120 974 4206 percussura
998 4119 1240 4183 subtilissimum
1264 4118 1406 4183 circulum

313 4230 374 4308 fac,
397 4238 430 4291 et
451 4248 524 4290 cum
547 4224 600 4288 illo
623 4224 768 4310 implebis
791 4245 903 4287 ornnes
925 4244 1056 4307 campos
1078 4221 1109 4284 in
1130 4222 1290 4286 deauratis
1308 4217 1406 4292 costis,

313 4333 448 4417 desuper
475 4350 548 4392 cum
572 4328 685 4391 malleo
708 4326 819 4391 leniter
842 4325 1056 4410 percutiendo,
1079 4334 1112 4388 et
1133 4346 1229 4409 opere
1253 4320 1406 4410 punctorio

315 4451 571 4519 unumquemque
589 4430 739 4493 circulum
761 4429 850 4491 alteri
871 4426 1039 4492 ordinatim
1060 4426 1296 4511 conjungendo.
1339 4423 1405 4498 Quo
1499 4442 1504 4495 ῃ

312 4535 438 4619 expleto
461 4532 622 4596 mitteres
644 4553 737 4617 super
759 4530 926 4610 carbones,
941 4531 1045 4594 donec
1067 4528 1128 4591 illae
1152 4550 1343 4614 percussure
1362 4524 1405 4586 in·
