3018 5170
274 516 337 577 ‘252
628 539 819 583 ‘rasorium
844 540 948 584 meas
970 540 1023 582 ru.

273 687 341 769 ejus
365 686 439 749 lima
454 697 486 750 et
502 689 577 751 rade
601 691 769 754 rotundam
785 704 815 753 et
831 691 1027 777 aliquantum
1049 699 1188 767 tenuem,
1205 712 1309 776 quam
1328 688 1393 750 fri·

273 788 360 849 cabis
388 790 459 852 vivo
475 804 607 875 argento
631 793 734 857 donec
758 793 831 857 alba
846 795 912 871 fiat,
929 804 963 856 ut
988 793 1060 855 inde
1083 792 1185 877 possis
1208 792 1391 855 deaurare.

274 886 394 953 Postea
410 891 506 955 facies
523 882 755 959 conlectionem
770 896 812 959 ad
827 896 1035 960 iuvivandum
1058 917 1136 979 opus
1152 893 1391 957 deaurandum

272 1013 333 1076 que
349 992 410 1056 hoc
427 994 533 1057 modo.

528 1602 754 1699 CAPUT
817 1600 1126 1698 XXXVIII.

423 1854 468 1895 DE
492 1854 694 1896 INVIVANDIS
718 1854 760 1897 ΕΤ
783 1853 1007 1899 DBAURANDIS
1030 1852 1223 1896 evercania.

335 2026 439 2090 UME
455 2027 518 2089 vini
533 2027 681 2111 lapidem,
692 2027 732 2089 de
744 2049 808 2113 quo
820 2025 1074 2111 supradiximus,
1084 2035 1190 2090 ettere
1204 2026 1377 2113 diligenter

355 2152 448 2214 super
463 2128 600 2213 lapidem
613 2129 741 2206 siccum,
754 2129 916 2214 addesque
928 2129 957 2192 ei
973 2129 1096 2192 tertiam
1112 2138 1234 2213 partem
1243 2130 1331 2208 salis,
1340 2140 1376 2194 et

273 2231 362 2296 mitte
374 2233 405 2294 in
421 2241 537 2294 testam
551 2232 621 2293 ollae
633 2254 793 2317 capacem,
807 2231 977 2295 infundens
987 2254 1048 2318 que
1060 2232 1088 2295 ei
1097 2253 1216 2317 aquam
1227 2232 1326 2307 illam,
1339 2233 1374 2294 in

272 2358 369 2421 quam
382 2334 539 2420 projecisti
550 2356 660 2397 aurum
673 2334 795 2397 noviter
808 2334 963 2411 molitum,
979 2346 1074 2421 atque
1086 2334 1253 2419 imponens
1266 2334 1372 2398 modi·

272 2438 414 2501 cumvivi
424 2438 556 2523 argenti,
564 2438 652 2500 mitte
661 2437 915 2522 supercarbones
925 2436 1027 2500 donec
1037 2436 1176 2499 calidum
1186 2436 1370 2516 fiatetcum

272 2542 359 2626 ligno
371 2563 548 2604 commove.
593 2540 723 2603 Habeas
739 2538 834 2602 etiam
847 2548 931 2602 setas
947 2538 1034 2624 porci
1049 2536 1261 2622 grossitudme
1273 2538 1369 2601 trium

273 2643 444 2726 digitorum
459 2652 515 2705 aut
529 2653 676 2728 quatuor,
693 2642 774 2705 ferro
796 2642 961 2727 colligatas
975 2641 1008 2704 in
1031 2640 1146 2718 medio,
1161 2640 1241 2704 duas
1264 2650 1370 2726 partos

273 2744 418 2822 ruaudus,
435 2766 508 2807 cum
524 2745 638 2830 quibus
654 2742 773 2807 lavabis
789 2766 900 2807 aarum
915 2753 948 2806 et
962 2752 1139 2829 argentum,
1155 2752 1187 2805 et
1200 2742 1281 2806 duas
1295 2764 1367 2807 cum

272 2846 385 2933 quibus
408 2845 585 2925 deaurabis,
601 2868 698 2909 unam
721 2845 837 2910 siccam
853 2847 983 2909 alteram
1006 2845 1180 2907 humidam.
1225 2843 1285 2908 His
1301 2867 1368 2908 om·

272 2948 365 3011 nibus
391 2948 453 3011 hoc
478 2948 587 3011 ordine
609 2948 805 3033 compositis,
828 2949 937 3034 accipe
960 2936 1121 3011 auriculas
1138 2956 1305 3032 argenteas
1327 2948 1367 3010 ad

273 3071 397 3129 manus,
413 3060 445 3112 et
469 3050 671 3133 panniculum
696 3051 813 3114 lineum
838 3051 1062 3137 complicatum
1078 3049 1165 3135 tinge
1186 3050 1218 3111 in
1242 3050 1367 3115 confec-

272 3151 391 3215 tionem
414 3151 561 3231 calidam,
577 3175 650 3215 eum
673 3176 737 3240 quo
754 3153 879 3218 fricabis
899 3153 1006 3218 omnia
1028 3154 1108 3232 loca,
1123 3175 1195 3239 quae
1216 3153 1366 3218 deaurare

273 3255 408 3318 volueris
424 3254 455 3318 in
471 3255 526 3318 eis.
572 3254 719 3343 Cumque
741 3256 880 3320 invivare
903 3255 1048 3335 volueris,
1064 3254 1183 3317 calefac
1206 3276 1260 3318 eas
1275 3278 1367 3342 super

272 3358 426 3425 carbones
441 3368 560 3421 etcum
576 3359 650 3422 setis
666 3360 734 3445 ipsa
757 3359 954 3423 confectione
968 3357 1107 3422 humidis
1122 3356 1200 3420 frica
1220 3356 1290 3421 illas
1305 3358 1366 3421 for·

272 3463 353 3542 titer,
369 3462 471 3526 donec
487 3484 598 3525 omues
614 3462 747 3527 fossurae
768 3462 840 3525 vivo
856 3471 989 3546 argento
1005 3462 1084 3524 fiant
1105 3459 1196 3538 albae,
1212 3457 1365 3523 interdum

271 3567 487 3632 calefaciendo
498 3574 530 3629 et
538 3565 694 3629 interdum
707 3563 859 3642 fricando,
872 3573 904 3627 et
913 3563 966 3626 ubi
975 3585 1048 3627 cum
1063 3562 1139 3626 setis
1148 3583 1213 3624 non
1228 3563 1367 3646 potueris

271 3668 460 3753 pertingere,
485 3689 557 3730 cum
582 3690 680 3752 cupro
704 3666 905 3730 deauratorio
932 3675 964 3729 et
990 3666 1076 3751 ligno
1099 3664 1209 3750 gracili
1230 3664 1366 3742 fricabis,

272 3770 389 3833 faciens
404 3770 465 3833 hoc
481 3791 575 3855 super
589 3768 764 3833 scultellam
780 3767 1012 3831 deauratoriam
1028 3766 1176 3853 ligneam,
1187 3789 1260 3853 quae
1274 3767 1316 3830 sit
1327 3765 1365 3829 ad

271 3871 429 3935 modicum
453 3893 534 3956 opus
557 3870 723 3949 tornatilis,
738 3892 850 3955 capax,
866 3880 898 3934 et
920 3869 960 3933 ad
972 3891 1124 3955 magnum
1140 3869 1273 3955 quadra,
1289 3889 1366 3931 cava

270 3983 302 4038 et
316 3972 456 4060 aequalis.
504 3972 629 4037 Deinde
652 3996 746 4059 super
760 3974 862 4060 ipsam
878 3972 1052 4036 scultellam
1074 3971 1178 4034 incide
1199 3971 1365 4034 deauratu-

270 4100 339 4142 ram
355 4075 533 4139 minutatim
549 4097 622 4138 cum
647 4076 784 4154 cultello,
800 4085 920 4138 etcum
944 4095 1043 4160 cupro
1058 4072 1258 4137 deauratorio
1283 4093 1365 4158 pone

269 4181 436 4269 diligenter
459 4200 516 4265 per
530 4177 647 4256 omnia,
664 4186 697 4241 et
720 4176 858 4240 humidis
874 4176 950 4240 setis
974 4196 1075 4262 aequa,
1092 4186 1188 4261 atque
1212 4197 1284 4238 cum
1302 4173 1363 4237 for-

269 4285 339 4371 cipe
354 4285 451 4369 longo
468 4291 500 4345 et
523 4279 632 4367 gracili
648 4280 680 4343 in
705 4279 852 4343 anteriori
874 4288 963 4364 parte
978 4278 1104 4342 duobus
1126 4277 1303 4363 panniculis
1317 4277 1363 4337 in-

271 4391 378 4454 voluto
392 4386 521 4468 levabis,
538 4393 570 4450 et
585 4406 684 4469 pones
700 4406 793 4468 super
808 4383 963 4447 carbones
978 4382 1080 4446 donec
1094 4382 1230 4460 calefiat,
1246 4390 1278 4444 et
1292 4378 1363 4443 setis
