3018 5170
333 524 397 585 274
682 540 873 585 rusorum
897 540 1001 583 urnas
1020 540 1072 584 111.

331 732 395 787 ore,
418 710 520 772 donec
547 708 655 773 videas
672 710 773 794 ipsam
800 710 1005 773 solidaturam
1027 709 1072 772 ita
1096 709 1341 795 circumquaque
1363 709 1438 771 dis-

332 834 464 889 currere,
494 811 584 896 quasi
615 833 699 895 aqua
729 812 943 896 perfundatur.
990 810 1035 873 Et
1058 833 1133 874 mox
1165 831 1314 896 asperges
1345 810 1438 895 aquia

332 913 455 976 modice
482 924 576 999 atque
600 913 704 990 eicics,
729 922 762 975 et
787 913 953 997 diligenter
968 913 1100 991 lavabis,
1125 935 1313 998 rursumque
1336 934 1438 996 super

330 1015 420 1078 linies
440 1016 656 1093 solidatumm,
672 1037 710 1077 ac
734 1015 816 1078 sicut
830 1015 916 1100 prius
940 1015 1103 1096 solidabis,
1117 1016 1219 1080 donec
1244 1015 1356 1078 omnia
1377 1013 1438 1076 fila

333 1119 462 1181 firmiter
477 1126 570 1181 stent.

655 1719 890 1817 CAPUT
947 1719 1103 1815 LIII.

504 1942 549 1983 DE
571 1941 785 1984 IMPONENDIS
808 1941 943 1985 Grauius
966 1941 1008 1983 ΕΤ
1030 1937 1252 1982 maneamne.

332 2087 492 2239 POST
507 2088 575 2152 haec
589 2088 692 2152 incide
707 2111 762 2174 per
773 2088 943 2174 particulas
954 2087 1045 2174 quasi
1062 2087 1214 2172 corrigias
1229 2087 1284 2166 ita,
1300 2097 1340 2150 ut
1354 2110 1432 2152 una·

424 2213 556 2277 quaeque
578 2191 713 2276 corrigia
735 2192 851 2256 habeat
873 2192 961 2254 filum
983 2213 1091 2268 uuum,
1113 2210 1193 2276 quas
1215 2191 1326 2253 statim
1345 2214 1430 2256 com·

331 2292 463 2377 plicabis
479 2304 510 2356 et
525 2291 620 2355 facies
639 2293 712 2355 inde
734 2293 952 2374 domunculas,
967 2292 1082 2378 quibus
1096 2290 1216 2376 lapidee
1231 2293 1431 2371 claudantur,

332 2395 468 2458 minores
490 2403 523 2457 et
545 2396 691 2480 majores,
711 2395 751 2457 ad
770 2415 950 2457 mensuram
973 2393 1228 2479 uniuscujusque,
1251 2394 1429 2458 ordinabis·

332 2516 394 2582 que
410 2517 463 2557 eas
477 2496 511 2557 in
526 2496 592 2559 suis
607 2497 694 2560 locis.
739 2495 884 2560 Habebis
899 2516 1026 2582 quoque
1048 2494 1181 2558 farinam
1195 2496 1237 2558 de
1251 2496 1430 2582 similagine

331 2597 480 2660 frumenti
495 2597 560 2661 sive
576 2598 717 2684 siliginis,
733 2619 829 2685 quam
845 2596 991 2661 miscebis
1004 2618 1088 2682 aqua
1099 2596 1131 2658 iu
1147 2598 1277 2682 parvulo
1289 2600 1429 2677 vasculo,

330 2708 363 2761 et
378 2720 478 2782 pones
492 2721 586 2785 super
608 2700 773 2777 carbones,
789 2709 824 2762 ut
845 2720 956 2784 parum
975 2699 1117 2777 calefiat;
1141 2699 1174 2760 in
1188 2721 1285 2785 quam
1300 2700 1429 2787 tinguee

331 2800 456 2864 modice
483 2800 691 2865 domunculas
717 2801 797 2879 illas,
821 2821 1079 2887 unamquamque
1102 2800 1301 2886 singulariter
1324 2802 1357 2864 in
1382 2802 1428 2864 in·

331 2903 443 2967 feriore
459 2911 546 2989 parte
562 2903 669 2988 sicque
691 2901 831 2966 stabilias
851 2902 882 2964 in
898 2923 956 2964 suo
971 2902 1053 2965 loco.
1099 2901 1257 2966 Omnibus
1272 2925 1348 2967 vero
1363 2913 1428 2967 sta·

329 3004 427 3068 bilitis
442 3027 524 3090 pone
540 3026 633 3088 super
655 3005 808 3068 carbones
830 3013 950 3089 partem
971 3003 1038 3067 auri
1054 3025 1258 3090 superquam
1273 3005 1427 3083 stabilisti,

330 3109 433 3171 donec
443 3108 618 3170 exsiccetur
627 3106 741 3169 humor
751 3107 869 3183 fannae,
879 3113 911 3168 et
919 3127 993 3168 mox
1004 3104 1218 3171 adherebunt.
1249 3106 1339 3171 Tolle
1348 3130 1427 3193 quo·

332 3234 394 3300 que
404 3212 459 3274 fila
470 3209 608 3288 subtilia,
621 3218 653 3272 et
663 3218 791 3294 percute
801 3230 839 3272 ea
854 3207 977 3272 modice
987 3229 1082 3294 super
1096 3208 1254 3288 incudem,
1265 3209 1311 3273 ita
1322 3218 1359 3272 ut
1374 3210 1426 3273 ali-
1507 3264 1508 3269 ,

331 3314 519 3402 quantulum
535 3321 630 3375 tenua
645 3312 717 3390 sint,
733 3320 766 3375 et
781 3320 886 3374 tamen
901 3332 1001 3397 grana
1016 3311 1157 3397 superius
1172 3320 1204 3375 et
1218 3311 1349 3375 inferius
1364 3332 1424 3376 non

330 3416 506 3504 procedant
521 3416 570 3478 vel
584 3415 720 3501 perdant
741 3414 875 3477 formam
895 3435 985 3477 suam
1000 3413 1074 3477 inde
1089 3413 1294 3499 complicabis
1309 3413 1424 3478 floscu·
1507 3412 1508 3443 ³

329 3523 377 3586 los
400 3520 537 3605 majores
561 3526 593 3581 et
619 3518 766 3596 minores,
788 3516 873 3580 unde
896 3516 1041 3602 implebis
1062 3539 1192 3603 campos
1214 3538 1326 3581 omues
1347 3517 1425 3581 iuter

330 3622 557 3700 domunculas3
588 3644 670 3708 quos
696 3643 770 3684 curn
796 3620 981 3683 formaveris
1006 3620 1112 3683 subtili
1138 3619 1266 3705 forcipe,
1290 3619 1424 3705 intinges
1507 3610 1508 3613 ¹

331 3748 386 3789 eos
402 3726 434 3787 iu
449 3724 579 3787 humida
602 3724 713 3803 farina,
736 3723 844 3809 sicque
865 3722 1035 3786 collocabis
1049 3742 1308 3809 unamquamque
1321 3722 1356 3785 in
1370 3742 1423 3786 suo
1507 3718 1508 3751 l

329 3828 412 3890 loco.
458 3825 533 3901 Quo
561 3826 646 3890 facto
672 3848 755 3911 pone
781 3847 876 3911 super
900 3824 1064 3904 carbones,
1090 3833 1127 3887 ut
1151 3824 1296 3901 siccetur,
1321 3825 1422 3888 statim
1507 3842 1508 3855 ¹

331 3950 393 4015 que
415 3927 599 4011 superlinies
618 3929 835 4006 solidaturam,
851 3936 884 3991 et
897 3927 1047 3990 solidabis
1061 3927 1143 3990 sicut
1156 3926 1310 4011 superius.
1356 3926 1422 3990 Hoc

329 4027 427 4091 modo
448 4028 588 4114 utrisque
611 4031 753 4115 partibus
775 4031 867 4094 unius
890 4029 1038 4094 auriculae
1060 4028 1201 4093 solidatis
1223 4050 1261 4092 ac
1284 4030 1421 4104 firmatis,

328 4131 487 4216 conjunge
507 4152 561 4195 eas
582 4139 614 4194 et
633 4132 797 4216 interpone
814 4132 859 4196 eia
880 4131 1026 4211 fundum,
1043 4129 1076 4193 in
1096 4130 1229 4193 circuitu
1247 4131 1316 4216 ejus
1333 4131 1422 4217 juxta

328 4256 417 4300 oram
431 4233 621 4313 interiorem,
636 4232 784 4298 videlicet
805 4255 901 4298 uuam
921 4243 1048 4298 tenuem
1066 4242 1189 4319 partem
1208 4232 1286 4311 auri,
1301 4256 1372 4319 quae
1385 4232 1422 4296 sit

329 4338 412 4401 sicut
427 4336 557 4416 festuca,
573 4348 606 4400 et
619 4337 749 4424 aequalis
764 4360 821 4424 per
835 4337 951 4402 omnia.
997 4336 1104 4412 Quam
1119 4347 1243 4423 partem
1258 4360 1331 4402 cum
1346 4339 1421 4402 inter

326 4438 398 4502 illas
413 4438 493 4503 duas
503 4438 658 4523 junxeris,
674 4440 830 4526 complica
844 4449 906 4505 tres
922 4439 1091 4525 particulas
1106 4440 1178 4504 ferri
1194 4450 1314 4522 tenues,
1329 4452 1360 4506 et
1373 4442 1419 4506 fac
