3266 5174
674 550 864 595 Tianorum
890 551 995 594 LIBER
1019 550 1071 593 111.

604 750 611 763 '
686 792 918 889 orror
967 791 1058 888 rx.

444 1030 489 1073 DE
512 1029 753 1076 INSTRUMBNTO
776 1031 872 1082 QUOD
894 1028 1123 1075 oaofflmmr
1147 1027 1302 1073 melros.

324 1180 452 1337 EST
466 1183 562 1246 etiam
575 1183 816 1247 instrumentum
828 1183 973 1262 ferreum,
985 1184 1073 1272 quod
1084 1184 1285 1270 organarium
1296 1181 1420 1259 dicitur,

423 1286 509 1373 quod
525 1293 652 1348 constat
666 1286 791 1349 duobus
805 1285 905 1365 ferris,
920 1308 985 1350 uno
999 1284 1140 1366 iuferius,
1152 1286 1251 1350 altero
1261 1284 1419 1370 superius;

322 1387 377 1451 sed
390 1408 463 1471 pars
474 1386 602 1451 inferior
611 1387 709 1451 habet
723 1388 968 1474 grossitudinem
979 1398 1012 1453 et
1025 1388 1254 1474 longitudinem
1269 1387 1421 1473 longioris

323 1488 425 1576 digiti,
441 1498 473 1553 et
487 1499 537 1554 eat
550 1490 779 1578 aliquantulum
801 1491 915 1568 tenuis,
928 1489 1050 1554 habens
1071 1490 1136 1554 duo
1155 1489 1291 1568 hostilia,
1306 1488 1421 1577 quibus

322 1592 445 1677 lignum
460 1592 568 1679 figitur
588 1592 728 1671 inferius,
752 1615 847 1678 supra
868 1614 940 1679 quae
959 1592 993 1655 in
1010 1591 1162 1678 superiori
1177 1601 1267 1678 parte
1281 1592 1421 1655 eminent

323 1695 387 1759 duo
403 1694 484 1759 olavi
500 1695 612 1781 grossi,
628 1696 683 1782 qui
696 1695 873 1781 suscipiunt
888 1694 1079 1781 superiorem
1097 1703 1218 1780 partem
1234 1694 1318 1775 ferri,
1333 1693 1419 1780 quod

322 1797 439 1862 sermm
469 1797 567 1861 habet
595 1797 840 1884 grossitudinem
873 1807 905 1862 et
933 1797 1165 1883 longitudinem
1195 1796 1358 1874 inferioris,
1389 1804 1421 1860 et

324 1900 421 1964 habet
442 1900 507 1964 duo
530 1900 695 1979 foramina,
719 1899 753 1962 in
777 1909 911 1987 utraque
934 1899 1116 1963 summitate
1140 1920 1249 1977 uuum,
1271 1919 1328 1984 per
1348 1920 1420 1986 quae

323 2004 388 2067 duo
403 2000 498 2067 elari¹
514 2003 689 2088 superiores
703 2003 903 2082 inducantur,
915 2012 951 2066 ut
965 2002 1025 2067 sibi
1040 2002 1282 2088 conjungantur.
1317 2001 1420 2065 Valde

322 2105 407 2170 enim
430 2106 580 2191 conjungi
602 2105 721 2170 debent
744 2128 816 2170 oum
839 2106 935 2187 limo-5
957 2106 991 2169 in
1009 2105 1125 2193 quibus
1139 2105 1279 2192 utrisque
1294 2103 1420 2169 fodian-

321 2218 372 2301 tur
388 2210 525 2289 fossulae,
539 2210 584 2272 ita
598 2217 635 2271 ut
655 2231 710 2294 per
724 2208 864 2272 medium
879 2218 1053 2294 appareant
1068 2208 1234 2289 foramina,
1248 2218 1285 2272 ut
1299 2230 1371 2272 cum
1386 2208 1419 2270 in

321 2312 435 2398 majori
450 2319 615 2397 argeutum
630 2312 680 2374 rel
703 2332 815 2374 aurum
837 2310 971 2375 mittitur
992 2311 1124 2397 longum
1146 2320 1178 2375 et
1192 2310 1355 2397 aqualiter
1370 2332 1420 2374 ro·

322 2414 457 2478 tundum
479 2435 673 2499 percussum,
696 2412 826 2477 feriatur
846 2414 988 2499 superior
1011 2436 1085 2499 pars
1108 2414 1181 2479 ferri
1202 2414 1325 2479 fortiter
1346 2436 1419 2479 cum

322 2518 437 2581 malleo
452 2538 579 2596 corneo,
595 2523 627 2580 et
642 2516 742 2580 altera
756 2537 854 2579 manu
869 2525 987 2580 rotetur
1003 2539 1115 2581 aurum
1130 2518 1180 2581 vel
1195 2526 1372 2603 argeutum,
1387 2525 1420 2579 et

323 2620 401 2682 fiant
427 2641 525 2705 grana
552 2619 689 2683 rotunda
710 2618 793 2682 sieut
818 2619 910 2698 fabre,
936 2619 969 2682 iu
996 2620 1140 2706 sequenti
1167 2619 1319 2684 foramine
1341 2619 1420 2683 liant

323 2722 413 2808 quasi
428 2721 507 2807 pisa,
522 2721 555 2785 in
570 2722 663 2787 tertio
679 2722 770 2809 quasi
786 2722 897 2801 lentes,
913 2724 1005 2788 etsie
1020 2724 1152 2788 minora

706 3299 935 3396 CAPUT
983 3302 1039 3397 X.

625 3527 671 3570 DE
694 3528 789 3572 thsss
812 3528 973 3573 muamus
997 3528 1116 3572 Fossis.

325 3692 514 3846 FlUN'l'
536 3695 633 3760 etiam
656 3695 728 3759 ferri
750 3696 883 3780 graciles
904 3708 940 3759 ut
960 3697 1093 3774 festuca,
1115 3696 1312 3782 longitudine
1328 3697 1419 3761 unius

422 3797 522 3882 digiti,
538 3796 669 3884 quadri3
692 3798 796 3861 sedin
810 3820 876 3862 uno
887 3799 984 3862 latere
999 3798 1135 3877 latiores,
1147 3821 1282 3884 quorum
1298 3799 1419 3878 oaudae,

324 3902 357 3964 in
379 3900 495 3987 quibus
516 3899 682 3963 manubria
704 3909 874 3986 ponuntur,
896 3909 971 3965 sunt
992 3922 1117 3966 sursum
1139 3922 1262 3981 ourvae3
1289 3901 1419 3965 inferius

323 4010 430 4067 autem
455 4023 511 4086 per
533 4001 762 4089 longitudinem
784 4011 834 4067 est
854 4012 973 4067 tractus
998 4004 1103 4068 sossus
1125 4011 1157 4067 et
1179 4003 1306 4068 limatus
1327 4004 1420 4090 quasi

324 4106 440 4185 sulcus,
455 4115 541 4169 etex
556 4114 689 4192 utraque
701 4114 788 4192 parte
802 4108 871 4192 ejus
886 4116 960 4170 sunt
973 4115 1070 4170 eostre
1081 4116 1182 4170 aeutae
1193 4103 1318 4171 limatae.
1357 4105 1418 4171 His

322 4207 412 4274 ferris
427 4208 576 4272 limantur
589 4208 645 4272 fila
658 4230 755 4272 aurea
776 4216 808 4271 et
825 4219 976 4296 argentea
994 4231 1106 4296 grossa
1120 4218 1152 4275 et
1174 4209 1310 4289 subtilia,
1325 4210 1370 4273 ita
1383 4220 1419 4274 ut

323 4313 356 4377 in
371 4313 416 4378 eis
431 4334 531 4400 grana
544 4319 729 4399 appareant.

706 4467 713 4497 ¹
732 4469 906 4520 “inferiorari''
941 4471 1036 4519 rramt
