3018 5170
328 520 393 582 334
681 534 875 579 misorum
902 534 1007 577 arnan
1031 534 1084 577 111.

327 691 444 754 diocre.
492 688 574 754 Post
587 688 655 751 haec
672 688 721 752 fac
740 688 797 751 tibi
821 686 937 750 serrum
952 687 1082 771 gracile,
1097 686 1294 773 longitudine
1308 688 1419 754 dimidii

326 791 427 877 pedis,
451 792 538 878 quod
565 792 598 855 in
621 813 685 855 una
711 790 894 855 summitate
918 789 960 853 sit
985 789 1111 854 modice
1137 790 1247 869 latum,
1274 792 1316 856 ad
1341 814 1420 856 men·

325 916 432 959 suram
456 896 580 981 unguis,
602 905 635 959 et
656 894 857 959 mediocriter
878 913 1004 970 carum,
1027 902 1059 956 et
1080 893 1182 956 altera
1199 895 1366 959 summitas
1379 895 1420 957 in-

327 999 445 1083 figatur
459 998 566 1084 ligneo
581 997 759 1062 manubrio.
805 997 932 1060 Deinde
953 996 1071 1060 sedens
1087 997 1184 1081 juxta
1205 997 1366 1061 somaoem
1383 997 1418 1060 ad

326 1099 389 1164 hoc
404 1123 485 1186 opus
501 1111 621 1187 aptam,
637 1110 711 1164 ante
733 1122 829 1185 quam
845 1108 908 1163 stet
922 1099 1086 1163 vasculum
1101 1119 1253 1184 cupreum
1267 1122 1342 1164 cum
1355 1121 1419 1164 oers

324 1202 505 1289 liquefacta,
520 1216 695 1290 tenensque
717 1203 843 1267 sinistra
864 1223 962 1266 manu
985 1201 1187 1266 manubrium
1205 1200 1289 1265 illius
1303 1200 1418 1287 gmcilis

324 1303 398 1367 ferri
411 1305 445 1368 in
456 1305 558 1369 latiori
571 1317 658 1391 parte
674 1305 874 1384 calefactum,
888 1305 922 1368 in
936 1304 1050 1368 dextra
1061 1325 1136 1367 vero
1150 1312 1321 1389 stagneum
1328 1304 1417 1381 filum,

323 1408 415 1493 quasi
431 1409 562 1493 globum
584 1409 762 1473 involutum
785 1409 876 1495 cujus
897 1418 995 1494 caput
1009 1408 1107 1472 facies
1121 1407 1153 1470 in
1168 1428 1243 1471 ocra
1256 1407 1417 1492 liquefacta

323 1509 500 1589 humidum,
523 1533 710 1599 ponensque
730 1534 826 1598 super
846 1532 945 1575 unum
968 1531 1008 1575 ex
1024 1510 1175 1590 flosculis,
1198 1509 1238 1574 eb
1261 1518 1349 1595 parte
1368 1508 1416 1572 ubi

323 1620 471 1698 stagnum
493 1623 554 1693 est,
576 1614 621 1678 ita
646 1625 683 1678 ut
702 1615 873 1694 adhaereat,
888 1613 1020 1701 levabis,
1035 1622 1068 1677 et
1091 1633 1193 1699 pones
1215 1612 1250 1674 in
1273 1612 1415 1677 fossulam

323 1715 395 1778 ferri
418 1717 593 1796 candentis,
616 1717 801 1804 tenebisque
821 1717 923 1781 donec
943 1716 1096 1803 liquefiat,
1112 1716 1286 1802 statimque
1301 1735 1413 1779 remor·

324 1818 392 1883 ebis
402 1828 570 1906 utrumque
581 1820 623 1884 ab
635 1820 719 1906 igne,
730 1819 917 1906 incidasque
928 1820 1017 1883 filum
1029 1841 1103 1883 cum
1115 1819 1235 1904 forcipe
1249 1817 1413 1883 secundum

322 1922 553 2006 longitudinem
576 1923 736 2011 quamvis
758 1923 878 1988 habere
900 1923 1034 1988 caudam
1058 1921 1150 1986 clavi.
1195 1919 1314 2008 Sicque
1327 1919 1412 1984 facies

322 2022 426 2087 donec
440 2027 602 2110 expendas
624 2025 657 2089 in
679 2025 860 2111 hujusmodi
885 2025 982 2089 clavis
997 2033 1166 2110 argentum
1180 2023 1258 2087 illud
1274 2041 1412 2108 cuprum·

323 2146 385 2211 que
401 2127 596 2192 deauratum.
641 2127 789 2215 Cumque
811 2129 975 2192 clavorum
996 2126 1123 2212 copiam
1145 2124 1305 2204 habueris,
1320 2133 1351 2188 et
1364 2143 1411 2187 eos

322 2230 482 2314 configere
497 2230 633 2294 volueris
648 2231 679 2293 in
696 2230 838 2316 corrigiis
856 2228 1045 2294 ascensoriis
1060 2229 1146 2292 sellae
1160 2224 1244 2314 equi,
1259 2227 1325 2291 sive
1337 2226 1410 2292 circa

322 2330 473 2416 capitium
488 2332 577 2411 freni,
600 2334 737 2418 primum
760 2355 833 2396 cum
855 2332 971 2396 subula
992 2333 1044 2396 sac
1066 2330 1233 2409 foramina,
1256 2339 1290 2394 et
1303 2329 1346 2393 sic
1359 2329 1410 2391 im·

321 2454 405 2519 pone
423 2435 531 2498 clavos
546 2436 727 2515 ordinatim,
745 2437 790 2499 ita
811 2443 848 2499 ut
869 2434 932 2499 sint
954 2444 1017 2498 tres
1032 2434 1119 2497 aurei
1139 2440 1172 2497 et
1186 2441 1250 2497 tres
1269 2428 1409 2519 argentei,

322 2557 510 2624 rursumque
525 2547 588 2603 tres
603 2538 700 2617 aurei,
716 2548 748 2602 et
762 2538 844 2602 smili
860 2538 958 2602 modo
972 2558 1029 2624 per
1044 2544 1159 2601 totum,
1204 2533 1239 2599 Si
1251 2556 1323 2599 vero
1337 2532 1408 2596 duos

322 2638 449 2702 ordines
459 2642 508 2703 vel
519 2650 585 2705 tres
600 2641 718 2706 habere
728 2642 873 2721 volueris,
886 2662 971 2727 pone
985 2661 1111 2725 semper
1120 2659 1220 2701 unum
1234 2645 1407 2723 argenteum

321 2749 353 2804 et
367 2741 501 2805 alterum
523 2765 654 2807 aureum
676 2767 733 2830 per
754 2744 873 2824 omnia,
896 2744 1006 2830 sicque
1027 2762 1150 2828 ponens
1165 2738 1330 2826 corrigiam
1342 2758 1407 2801 cum

322 2843 471 2929 captibus
501 2867 597 2932 snper
625 2847 768 2912 tabulam
794 2846 931 2934 ligneam
957 2845 1122 2932 aqualem,
1149 2844 1276 2930 conlige
1301 2839 1406 2906 oaudm

321 2966 394 3009 cum
421 2947 573 3012 mediocri
600 2950 726 3014 malleo.
772 2949 869 3013 Fiunt
894 2949 991 3013 etiam
1015 2947 1129 3012 eodem
1152 2967 1249 3033 opere
1272 2942 1349 3008 clari
1369 2958 1406 3004 ex

321 3046 488 3128 auricalco,
504 3050 560 3113 sed
576 3051 752 3136 spissiores,
767 3073 903 3140 quornm
918 3050 1029 3116 caudae
1044 3070 1169 3137 cupreas
1182 3047 1352 3112 solidantur
1363 3041 1406 3104 in·

320 3148 417 3213 terius
441 3159 556 3236 stagno
581 3175 661 3239 puro
688 3154 800 3218 eodem
826 3154 934 3218 modu.
979 3151 1045 3216 His
1071 3152 1273 3237 configuntur
1293 3145 1404 3231 vagiffl
1489 3230 1490 3237 ἵ

321 3250 531 3334 cultellorum,
547 3264 580 3319 et
593 3257 680 3321 coria
695 3279 789 3343 super
803 3257 910 3337 libros,
925 3257 1086 3343 multaque
1100 3250 1291 3339 hujusmodi.

576 3940 803 4038 CAPUT
875 3938 1154 4035 LXXVII.

463 4182 510 4226 DE
531 4182 729 4229 SOLIDANDO
751 4183 846 4228 Anao
869 4185 912 4229 BT
933 4184 1090 4229 audituro
1113 4150 1292 4229 murm..

317 4344 759 4500 PURIFICATURUM
783 4356 948 4434 argentum
969 4348 1108 4436 pondere
1129 4348 1297 4413 duodecim
1318 4364 1397 4461 nuru·⁸
1486 4400 1487 4435 3

416 4473 552 4531 morum,
583 4449 755 4541 percutitur
788 4450 919 4517 strictim
947 4451 1144 4539 longitudine
1175 4451 1298 4519 dimidii
1319 4449 1398 4536 drgrtr
1486 4452 1487 4465 ¹
