3090 5174
683 981 1054 1081 ADDENDA.

370 1285 416 1330 DE
438 1286 722 1330 TEMPERAMENTO
746 1285 840 1328 MlNll
865 1286 907 1328 ΕΤ
930 1285 1136 1343 valtramum,
1160 1286 1203 1330 ΕΤ
1227 1285 1379 1347 manau.

364 1444 393 1507 N
417 1443 589 1506 vermiculo
612 1452 725 1527 quarta
752 1463 825 1526 pars
852 1441 940 1504 minii
963 1441 1111 1505 addenda
1138 1452 1187 1506 est
1209 1443 1236 1506 si
1266 1442 1420 1505 habeatur

384 1567 519 1631 quorum
537 1545 610 1607 iude
626 1545 714 1606 color
730 1544 770 1606 ad
787 1542 1031 1606 illuminandum
1047 1553 1079 1607 et
1093 1544 1206 1607 clarior
1221 1544 1311 1607 etad
1328 1564 1417 1627 rega·

314 1647 446 1710 landum
470 1646 601 1709 facilior.
647 1643 743 1718 Quod
760 1641 869 1730 utique
890 1644 1058 1729 diligenter
1079 1646 1187 1708 tritum
1202 1654 1235 1709 et
1255 1646 1288 1707 in
1305 1644 1419 1708 tenuis·

315 1750 431 1811 simum
455 1749 614 1833 pulverem
630 1748 803 1822 redactum,
827 1746 963 1809 addatur
977 1768 1087 1832 parum
1107 1769 1199 1833 aquae
1214 1756 1247 1809 et
1263 1768 1338 1809 eum
1354 1747 1419 1831 ipsa

316 1851 544 1937 aliquantulum
569 1850 714 1927 molatur,
738 1859 769 1911 et
783 1848 816 1910 iu
837 1869 934 1911 comu
958 1850 1167 1935 recolligatur,
1190 1859 1265 1935 post
1278 1850 1420 1913 laventur

316 1951 437 2038 lapides
467 1951 552 2037 aqud
574 1974 644 2036 quae
667 1952 699 2013 iu
723 1971 821 2012 cornu
843 1950 986 2013 similiter
1007 1951 1195 2036 recipiatur3
1225 1951 1289 2014 hoc
1313 1960 1418 2014 autem

315 2063 465 2117 caveatur
479 2074 520 2116 ne
535 2053 627 2115 nimis
642 2074 733 2139 aqure
749 2052 943 2131 infundatur,
958 2052 1088 2138 quando
1103 2052 1228 2130 trititur‚
1252 2053 1341 2138 quod
1356 2072 1418 2115 non

316 2155 415 2241 possit
437 2176 509 2217 cum
532 2155 632 2217 multa
655 2155 735 2218 bene
758 2175 843 2240 aqua
864 2154 952 2232 moli,
982 2164 1037 2216 aut
1059 2152 1175 2240 colligi.
1235 2152 1417 2217 Colleetum

316 2265 423 2320 autem
434 2257 467 2319 in
483 2278 580 2321 comu
593 2279 665 2320 cum
682 2278 766 2342 aqua
778 2278 876 2320 cornu
891 2257 1000 2343 utique
1011 2256 1098 2342 aqua
1110 2256 1240 2341 repleto,
1253 2265 1418 2319 moveatur

316 2381 389 2423 cum
410 2360 498 2443 liguo
513 2368 545 2422 et
559 2370 671 2444 postea
694 2360 816 2423 tamdiu
838 2359 959 2421 sinatur
981 2359 1186 2445 requiescere,
1208 2359 1314 2422 donec
1330 2359 1417 2422 color

317 2471 480 2546 separetur
492 2461 533 2524 ab
549 2483 632 2547 aqua
644 2463 757 2546 jacens
773 2459 921 2524 infundo
937 2483 1047 2539 cornu,
1059 2471 1092 2525 et
1102 2461 1321 2525 tuncdemdm
1337 2481 1417 2545 aqua
1524 2502 1525 2537 g

318 2562 429 2628 leniter
444 2565 596 2650 ejiciatur.
642 2563 739 2638 Quod
755 2586 827 2627 cum
846 2573 914 2626 tota
929 2565 1030 2649 ejecta
1045 2563 1149 2643 suerit,
1171 2564 1305 2628 infunde
1321 2585 1416 2628 cornu

316 2667 435 2729 clarum
451 2667 513 2745 ovi,
529 2666 621 2731 etsie
637 2667 753 2730 exinde
767 2666 884 2752 poteris
900 2665 1033 2750 operari.

361 2918 510 2984 Similiter
525 2920 703 2984 faciendum
720 2929 768 2983 est
782 2919 823 2982 de
836 2919 953 2996 lazaro,
975 2928 1109 3005 excepto
1125 2920 1224 3006 quod,
1237 2920 1271 2984 in
1286 2922 1415 2987 distem·

318 3022 468 3106 perand0,
491 3022 583 3084 tertia
606 3042 678 3107 pars
702 3022 862 3085 virricum
885 3021 970 3087 claro
992 3021 1170 3102 adhibebis,
1190 3023 1280 3110 quod
1302 3023 1415 3088 exinde

317 3125 404 3187 color
426 3124 562 3210 pulcrior
577 3134 608 3186 et
623 3124 736 3188 clarior
757 3125 825 3188 erit.
871 3124 972 3188 Lazur
986 3125 1155 3189 lavandum
1172 3134 1221 3189 est
1242 3127 1330 3212 aquis
1345 3135 1415 3213 post

316 3226 427 3290 decem
443 3226 521 3305 dies,
545 3235 673 3312 propter
696 3225 842 3290 foetorem
865 3249 970 3306 suum,
993 3227 1199 3291 vermiculum
1220 3239 1329 3291 autem
1344 3236 1414 3315 post

317 3353 459 3395 mensem
481 3330 605 3394 duabus
627 3329 761 3407 vicibus,
783 3330 832 3392 vel
855 3329 973 3407 tribum
995 3329 1057 3393 hoc
1079 3339 1185 3395 autem
1207 3340 1359 3395 caveatur
1375 3351 1413 3394 ne

316 3434 435 3499 clarum
451 3434 484 3496 in
498 3434 605 3497 lazuro
620 3431 740 3496 diutius
756 3440 904 3496 moretur.

360 3700 486 3766 Eodem
502 3703 599 3766 modo
614 3700 795 3766 molendum
810 3708 859 3764 est
873 3700 971 3763 viride
985 3700 1026 3763 de
1041 3698 1167 3764 Gracia.
1212 3698 1299 3763 Nam
1316 3701 1409 3765 ridde

315 3812 462 3866 terrestre
474 3804 656 3867 molendum
666 3813 715 3867 est
726 3801 822 3889 aqud,
832 3812 864 3866 et
873 3812 984 3887 postea
995 3803 1026 3865 in
1037 3824 1075 3865 eo
1091 3801 1218 3888 ponitur
1229 3803 1345 3883 clareo,
1356 3801 1409 3867 sed

315 3904 541 3967 tantummodo
560 3927 632 3968 cum
648 3906 733 3969 vino.
779 3904 919 3979 Quidam
941 3915 1045 3968 autem
1068 3903 1239 3967 infundunt
1256 3905 1365 3968 viuum
1378 3904 1409 3967 in

316 4027 392 4070 vase
408 4026 524 4090 cupreo
540 4015 572 4069 et
586 4007 721 4070 miscent
734 4007 832 4070 viride
847 4028 919 4070 eum
934 4008 1019 4085 vino,
1033 4005 1148 4070 deinde
1162 4017 1322 4091 reponunt
1333 4008 1407 4072 illud

314 4109 347 4172 in
363 4109 434 4173 loco
456 4108 686 4198 aliquantulum
709 4109 851 4189 humido,
873 4119 947 4172 octo
969 4109 1091 4188 diebus,
1113 4116 1224 4192 postea
1246 4118 1409 4194 exponunt

314 4212 391 4276 illud
421 4212 462 4276 ad
492 4212 630 4276 calorem
655 4212 731 4275 solis
760 4233 861 4298 usque
889 4211 929 4273 ad
956 4211 1112 4274 decimam
1141 4209 1253 4274 horam
1280 4212 1353 4293 diei,
1379 4221 1408 4276 et

314 4313 428 4378 iterum
451 4313 581 4380 mittunt
595 4315 627 4379 in
649 4315 757 4379 locum
777 4335 870 4377 suum
886 4314 926 4377 ad
946 4321 1119 4391 terraemot
1147 4311 1193 4376 sic
1219 4315 1350 4380 cottidie
1364 4315 1406 4379 fa-
1518 4344 1519 4383 l

315 4415 519 4497 ciuntdonec
528 4419 569 4484 ad
579 4417 814 4505 spissitudinem
825 4418 988 4503 perveniat
998 4415 1115 4483 atinde
1126 4415 1261 4482 scribere
1272 4418 1406 4494 valeant,
