3166 5190
331 534 393 596 228
660 553 849 597 rasorium
875 554 978 598 arnan
1001 557 1053 599 111.

329 704 478 789 purgabis
494 704 535 767 ab
547 714 679 789 argento
695 706 844 792 quicquid
867 706 1075 770 immunditia
1090 728 1185 792 super
1205 707 1282 770 illud
1298 706 1429 784 videris,

331 808 497 892 positoque
512 827 607 892 super
621 806 697 870 illud
711 807 834 887 titione,
849 808 912 872 hoc
927 818 975 872 est
989 808 1077 894 ligno
1091 809 1166 894 igne
1187 818 1268 885 usto,
1284 808 1431 871 sufflabis

332 907 532 972 mediocriter
569 910 667 995 longo
706 919 818 974 tractu.
873 908 1022 998 Cumque
1052 910 1217 996 plumbum
1247 908 1312 974 boc
1340 908 1432 973 facto

331 1010 470 1096 ejeceris,
485 1013 511 1074 si
528 1011 643 1075 videris
667 1023 832 1097 argentum
848 1013 990 1077 nondum
1012 1035 1126 1099 purum
1141 1034 1222 1091 esse,
1237 1033 1364 1074 rursum
1386 1012 1431 1074 ad

332 1135 415 1200 pone
445 1114 619 1199 plumbum,
645 1115 913 1202 superpositisque
938 1116 1129 1180 carbonibus
1151 1115 1201 1178 fac
1220 1115 1302 1177 sicut
1328 1115 1431 1200 prius.

333 1215 430 1291 Quod
455 1217 480 1279 si
496 1217 609 1280 videris
633 1227 798 1301 argentum
822 1216 951 1282 ebullire
972 1228 1005 1281 et
1026 1217 1158 1296 exsilire,
1174 1217 1254 1280 scito
1277 1225 1432 1302 stagnum

335 1320 382 1382 vel
409 1318 621 1383 aurichalcum
644 1318 673 1381 ei
695 1318 883 1396 admixtum,
902 1330 935 1384 et
959 1320 1124 1405 confringe
1145 1319 1332 1405 particulam
1356 1317 1433 1381 vitri

334 1422 464 1496 minute,
480 1430 511 1484 et
536 1420 640 1506 proice
655 1442 749 1505 super
773 1432 950 1506 argentum,
967 1422 1194 1509 plumbumque
1218 1420 1312 1497 adde,
1328 1441 1434 1506 appo·

333 1524 401 1587 sitis
416 1523 605 1586 carbonibus
620 1522 741 1586 sortiter
755 1524 860 1587 suffla.
907 1524 1033 1588 Deinde
1049 1525 1167 1610 respice
1184 1523 1266 1586 sicut
1281 1523 1382 1607 prius,
1398 1532 1433 1584 et

333 1649 406 1689 oum
427 1626 546 1710 virgula
569 1625 658 1689 aufer
678 1625 910 1688 immunditiam
925 1626 996 1689 vitri
1012 1637 1044 1689 et
1066 1626 1198 1712 plumbi,
1214 1625 1435 1711 superposito·

333 1749 394 1813 que
409 1727 519 1791 titione
535 1728 585 1790 fac
600 1727 681 1790 sicut
696 1728 792 1811 prius,
807 1738 840 1790 et
854 1727 916 1791 hoc
932 1726 1054 1790 tamdiu
1069 1729 1172 1791 donec
1187 1750 1300 1813 purum
1318 1727 1387 1789 frat.

644 2025 773 2034 .-—---.-
798 2025 1131 2034 „woh-..m—

649 2252 879 2351 CAPUT
936 2251 1128 2347 xxlu

566 2460 612 2502 DE
636 2456 830 2501 DIVIDBNDO
853 2454 1013 2498 ARGENTO
1035 2453 1083 2496 AD
1106 2453 1201 2497 OPUB.

417 2612 482 2677 UO
498 2610 664 2697 purificato
680 2607 707 2671 si
722 2606 852 2670 calicem
868 2602 1020 2665 fabricare
1035 2599 1182 2675 volueris,
1195 2597 1301 2661 divide
1317 2620 1439 2686 argen-

338 2617 417 2784 Q
438 2727 507 2779 tum
521 2710 683 2798 aequaliter
697 2707 815 2785 induo,
827 2716 860 2770 et
874 2704 1076 2768 medietatem
1088 2720 1178 2764 serva
1193 2699 1235 2763 ad
1250 2699 1438 2764 faciendum

337 2820 450 2908 pedem
466 2827 499 2882 et
523 2824 690 2901 patenam3
713 2832 754 2877 ex
768 2810 867 2873 altera
880 2828 956 2871 vero
978 2803 1075 2868 facies
1097 2823 1165 2880 vas,
1179 2800 1230 2864 cui
1252 2800 1375 2865 adicies
1398 2823 1439 2866 ex

338 2922 481 3008 portione
496 2927 620 3004 patena
636 2923 777 3000 partem3
799 2909 887 2974 verbi
902 2907 1017 2994 gratia,
1027 2906 1054 2969 si
1066 2926 1175 2969 marca
1190 2902 1312 2989 argenti
1328 2902 1439 2981 fuerit,

337 3024 421 3090 adde
444 3018 617 3094 medietati,
642 3014 768 3101 pondus
791 3011 958 3077 duodecim
982 3028 1195 3086 nummorum,
1218 3026 1299 3092 quos
1322 3014 1441 3090 postea

337 3127 412 3193 inde
427 3121 552 3189 limabis
560 3131 594 3183 et
607 3118 699 3183 rades
713 3127 749 3181 ut
760 3114 874 3179 reddas
890 3134 956 3176 sure
971 3110 1062 3196 parti.
1109 3108 1244 3184 Quodsi
1258 3108 1331 3193 plus
1344 3107 1441 3172 luerit

338 3227 461 3316 argenti
476 3225 526 3289 vel
541 3223 655 3298 minus,
671 3217 845 3285 secundum
861 3236 953 3279 suam
965 3213 1175 3299 quantitatem
1191 3210 1301 3287 addes,
1313 3222 1351 3274 et
1365 3220 1441 3297 post

340 3343 408 3398 hac
422 3327 589 3413 unicuique
604 3323 686 3410 parti
701 3342 794 3384 suum
810 3317 935 3404 pondus
950 3314 1073 3378 reddes.

657 3593 745 3605 uva-uun·
753 3592 786 3599 σο·

668 3771 899 3873 CAPUT
956 3769 1108 3931 XXV

666 3999 711 4041 DE
734 3994 923 4040 PUNDENDO
946 3989 1114 4035 ARGENTO.

347 4165 476 4322 HIS
499 4167 544 4230 ita
567 4164 727 4251 dispositis
749 4163 839 4227 mitte
854 4167 1020 4246 argentum
1044 4156 1078 4219 in
1101 4176 1165 4218 uno
1180 4151 1396 4230 vasculorum,
1410 4148 1444 4215 et

456 4291 529 4334 cum
560 4266 762 4355 liquefactum
791 4263 893 4342 fuerit,
924 4261 1029 4349 proice
1058 4257 1217 4322 modicum
1244 4253 1321 4317 salis
1344 4273 1442 4339 super

343 4376 430 4453 illud,
440 4394 578 4459 moxque
589 4368 717 4435 effunde
725 4366 911 4431 infusorium
924 4362 1092 4427 rotundum
1103 4356 1188 4444 quod
1199 4356 1241 4419 sit
1249 4355 1441 4420 calefactum

345 4497 438 4563 super
452 4475 570 4563 ignem,
585 4483 618 4537 et
631 4472 673 4536 sit
688 4472 721 4535 in
743 4493 781 4535 eo
796 4490 868 4533 cera
882 4464 1061 4553 liquefacta.
1107 4459 1152 4523 Et
1166 4458 1193 4522 si
1215 4457 1323 4544 aliqud
1337 4456 1441 4543 negli-
