3018 5170
304 492 367 552 278
656 511 848 554 ranorum
872 512 977 555 mnan
999 513 1053 554 111.

304 660 445 722 foramen
466 660 498 720 in
521 661 624 724 medio
647 670 799 746 appareat
813 684 869 746 per
886 662 972 748 quod
989 662 1090 747 possit
1109 663 1240 740 sufflari,
1258 672 1295 727 ut
1315 665 1404 727 calor

305 761 447 846 superius
463 770 495 823 et
509 762 637 825 inferius
657 764 787 849 aequalis
807 764 855 826 sit.
902 763 1049 850 Cumque
1065 764 1180 827 videris
1195 765 1403 827 solidaturam

305 864 532 941 circumfluere,
553 876 585 927 et
600 866 689 951 quasi
705 866 797 928 tertio
819 866 981 942 inundare,
1000 887 1133 950 asperge
1154 866 1320 944 diligenter
1335 887 1404 927 mo·

306 965 379 1029 dicis
403 966 496 1050 aquai,
521 978 553 1029 et
577 968 693 1031 eiciens
715 969 785 1031 lava
808 980 840 1031 ct
862 969 957 1047 sicca,
983 990 1168 1054 rursumque
1187 968 1283 1031 simili
1308 969 1404 1032 modo

307 1067 420 1145 solida,
432 1078 465 1130 et
479 1069 600 1130 tamdiu
616 1070 718 1133 donec
730 1070 908 1134 firmissime
928 1070 1096 1133 adliaereat.
1142 1070 1406 1156 Conversumque

306 1190 362 1231 vas
389 1169 421 1230 in
441 1170 572 1232 alteram
596 1181 729 1256 partem,
754 1195 863 1258 parem
884 1173 1056 1237 auriculam
1075 1173 1187 1237 eodem
1209 1172 1309 1236 modo
1330 1193 1406 1236 con·

301 1271 403 1357 junge
419 1281 451 1334 et
466 1272 578 1336 solida.

631 1800 860 1896 CAPUT
916 1803 1055 1898 LIV.

741 2035 788 2078 DE
811 2035 973 2080 asserito·

391 2203 455 2268 UO
472 2204 557 2267 facto
572 2202 647 2264 tolle
670 2210 793 2287 partem
811 2200 879 2264 auri
897 2211 1024 2265 tenuem
1040 2209 1072 2266 et
1086 2204 1245 2290 conjunge
1260 2202 1304 2266 ad
1321 2223 1404 2266 oram

413 2306 496 2369 vasis
512 2303 716 2389 superiorem,
728 2312 824 2390 atque
837 2304 946 2367 metire
961 2305 1002 2368 ab
1017 2327 1081 2368 una
1095 2307 1234 2370 auricula
1250 2302 1404 2391 usquead

309 2412 466 2488 alteram;
501 2428 572 2493 quae
601 2404 685 2491 pars¹
716 2404 890 2468 latitudinis
920 2406 970 2485 sit,
1000 2416 1120 2492 quanta
1148 2417 1197 2470 est
1226 2405 1405 2492 grossitudo

308 2515 459 2599 lapidum,
484 2533 565 2597 quos
592 2510 753 2594 imponere
779 2510 934 2590 volueris;
964 2519 997 2573 et
1022 2511 1182 2574 collocans
1208 2531 1264 2573 eos
1290 2510 1326 2572 in
1351 2530 1404 2572 suo

308 2616 430 2693 ordine,
446 2615 491 2677 sic
510 2613 662 2697 dispone;
686 2611 843 2696 inprimis
867 2619 929 2674 stet
951 2632 1035 2674 unus
1058 2611 1139 2696 lapis
1162 2620 1301 2697 quatuor
1324 2632 1404 2673 mar·

308 2716 418 2804 geritis
442 2717 474 2777 in
497 2714 622 2800 angulis
645 2713 767 2798 positis,
783 2713 897 2777 deinde
921 2714 1083 2792 electmm,
1102 2715 1198 2799 juxta
1219 2712 1307 2798 quod
1330 2711 1404 2797 lapis

307 2841 380 2884 curn
396 2816 584 2901 margaritis,
596 2836 781 2901 rursumque
793 2816 955 2894 electrum,
967 2815 1076 2901 sicque
1090 2815 1252 2878 ordinabis
1266 2824 1305 2878 ut
1314 2815 1404 2900 juxta
1502 2844 1503 2859 π

309 2920 466 2983 auriculas
481 2939 607 3002 semper
621 2916 743 3002 lapides
754 2925 848 2995 stent,
857 2938 992 3003 quorum
1003 2916 1212 2980 domunculas
1224 2925 1256 2979 et
1267 2937 1403 3001 campos,

309 3041 426 3105 easque
444 3019 663 3096 domunculas,
678 3018 711 3082 in
732 3019 847 3106 quibus
869 3019 1018 3082 electrum
1041 3018 1224 3103 ponendum
1246 3026 1306 3095 est,
1321 3039 1403 3081 com·
1501 3058 1502 3071 κ

309 3142 410 3208 pones
424 3129 457 3184 et
472 3119 623 3183 solidabis
639 3120 747 3183 ordine
763 3143 826 3207 quo
842 3141 947 3205 supra.
994 3119 1038 3182 Et
1056 3120 1089 3181 in
1108 3120 1206 3183 altera
1220 3128 1311 3203 parte
1326 3119 1403 3182 vasis

309 3221 450 3286 similiter
464 3219 571 3283 facies.
617 3217 651 3282 Si
667 3241 742 3284 vero
758 3222 894 3285 volueris
913 3221 947 3284 in
966 3221 1069 3284 medio
1085 3221 1201 3284 ventris
1217 3242 1361 3306 gemmas
1374 3228 1403 3283 et
1500 3290 1501 3295 η

309 3323 497 3408 margaritas
512 3344 639 3406 ponere,
651 3323 764 3387 eodem
781 3323 878 3387 modo
894 3323 999 3387 facies.
1044 3320 1120 3396 Quo
1133 3320 1217 3385 facto
1232 3322 1402 3407 conjunges
1500 3308 1501 3329 ³

310 3447 364 3489 eas
379 3434 412 3489 et
427 3424 578 3490 solidabis
593 3425 675 3488 sicut
688 3426 856 3489 auriculas.
893 3424 975 3488 Post
988 3424 1057 3487 haec
1067 3423 1101 3486 in
1112 3422 1261 3487 omnibus
1273 3423 1402 3486 domuu-

310 3526 399 3607 culis,
429 3528 463 3591 in
489 3528 604 3614 quibus
629 3529 746 3591 electra
775 3527 924 3612 ponenda
952 3537 1036 3604 sunt,
1066 3524 1231 3609 coaptabis
1267 3524 1402 3610 singulas

311 3640 417 3714 partes
432 3631 500 3694 auri
514 3640 634 3708 tenues,
650 3630 899 3715 conjunctasque
914 3627 1080 3714 diligenter
1097 3626 1201 3704 eloica,
1216 3636 1313 3712 atque
1333 3646 1401 3689 eum

309 3753 459 3810 rnensura
474 3741 506 3794 et
520 3732 628 3817 regula
642 3730 763 3794 incides
778 3729 979 3815 corrigiolam
995 3730 1061 3793 auri
1076 3728 1162 3814 quod
1178 3728 1402 3812 aliquantulum

312 3831 353 3893 sit
376 3832 516 3917 spissius,
543 3842 575 3896 et
600 3831 805 3918 complicabis
832 3854 886 3895 eas
912 3831 996 3895 circa
1021 3852 1109 3893 oram
1136 3829 1228 3893 unius
1254 3831 1401 3915 cujusque

311 3933 409 4018 partis
438 3933 613 4019 dupliciter,
643 3937 688 3997 ita
716 3942 753 3996 ut
784 3934 865 3997 inter
897 3933 983 4018 ipsas
1016 3931 1261 4016 corrigiunculas
1294 3931 1402 3995 subtile

311 4034 449 4119 spatium
472 4035 513 4098 sit
535 4035 569 4097 in
591 4035 731 4113 circuitu,
746 4035 832 4120 quod
853 4035 990 4119 spatium
1006 4042 1137 4097 vocatur
1156 4033 1272 4098 limbus
1293 4032 1400 4098 electri.

314 4135 440 4200 Deinde
461 4136 575 4200 eadem
596 4134 744 4199 mensurii
764 4144 860 4221 atque
879 4135 989 4221 regula
1009 4135 1127 4199 incides
1142 4135 1323 4221 corrigiolas
1337 4156 1401 4199 om-

310 4238 387 4303 nino
402 4239 595 4303 subtilissimi
611 4238 690 4316 auri,
706 4238 738 4298 in
753 4237 868 4321 quibus
889 4237 995 4300 subtili
1013 4236 1132 4322 forcipe
1151 4237 1353 4323 cornplicabis
1371 4244 1402 4298 et

637 4438 643 4465 ¹
663 4441 817 4500 “samm
829 4443 887 4490 eoa
900 4443 999 4506 eura.
