3090 5174
345 512 408 571 388
669 530 859 573 'rnmuunm
885 532 985 575 niusa
1010 531 1060 575 111.

346 680 497 757 foramen,
515 682 557 743 ita
573 692 607 743 ut
622 681 769 744 dimidius
785 684 816 744 in
833 706 870 746 eo
888 685 997 769 jecere
1012 684 1122 768 possit,
1139 694 1260 747 etcum
1276 706 1347 748 cera
1360 707 1433 748 con-

345 783 485 845 firmabis
507 806 577 846 eum
600 784 631 846 in
652 784 764 847 eodem
787 785 873 869 ligno
889 796 924 848 ut
938 785 1116 865 adhaereet;
1140 787 1318 873 tollensque
1339 810 1432 851 unum
1524 868 1525 871 Ἴ

344 885 524 948 malleolum
549 897 674 971 percute
694 888 801 950 lenitur
821 889 852 949 in
875 888 978 950 medio
1000 889 1074 951 nodi
1097 889 1129 950 in
1153 911 1217 952 uno
1238 890 1321 966 loc0,
1336 890 1434 952 donec
1524 964 1525 975 χ

344 986 483 1048 foramen
508 1011 638 1072 parvum
664 990 770 1066 facias,
801 991 910 1076 sicque
932 991 965 1052 in
988 990 1093 1054 medio
1124 990 1332 1076 percutiendo
1354 1000 1385 1053 et
1404 991 1434 1051 in
1524 1030 1525 1039 κ

343 1090 473 1152 circuitu
494 1092 659 1176 diligenter
680 1093 866 1178 frangendo,
887 1103 1070 1158 cavaturam
1094 1093 1239 1179 augebis.
1284 1092 1434 1179 Cumque,
1524 1132 1525 1151 ÷

342 1189 387 1252 sic
402 1193 607 1274 persistendo,
617 1196 658 1258 ad
675 1196 882 1259 meditullium
895 1196 969 1259 nodi
983 1196 1170 1281 perveneris,
1186 1204 1338 1259 converte
1352 1196 1433 1258 illum
1524 1238 1525 1275 3

341 1301 373 1354 ct
389 1291 420 1354 in
436 1295 566 1358 alteram
583 1308 702 1381 partem
720 1299 769 1362 lac
785 1298 934 1362 similiter.
978 1296 1083 1372 Quem
1098 1318 1172 1361 cum
1187 1296 1432 1373 transforavcris‚
1524 1290 1525 1305 ¹

342 1408 467 1477 percute
490 1420 619 1483 cuprum
643 1401 841 1485 longitudine
863 1400 952 1485 pedis
975 1399 1066 1462 unius
1086 1408 1118 1461 et
1139 1398 1324 1475 rotundum,
1346 1400 1434 1461 itaut
1524 1456 1525 1479 ,

342 1497 483 1562 foramen
509 1503 639 1565 transire
666 1506 774 1586 possit,
798 1503 1018 1588 accipiensque
1040 1502 1186 1565 sabulum
1209 1510 1341 1563 acutum
1358 1502 1433 1585 aqud

343 1600 485 1679 mixtum,
511 1604 599 1666 mitte
623 1606 654 1666 in
681 1606 822 1668 foramen
847 1619 878 1668 et
902 1627 974 1668 cum
999 1626 1097 1688 cupro
1121 1604 1207 1666 lima.
1254 1601 1341 1666 Cum
1366 1622 1431 1663 vero
1524 1682 1525 1685 Ἴ

341 1702 482 1766 foramen
505 1705 699 1791 aliquantum
722 1707 913 1784 dilataveris,
936 1719 1062 1792 percute
1085 1706 1169 1769 alind
1193 1726 1327 1789 cuprum
1352 1727 1432 1789 gros·

340 1805 416 1883 sius,
428 1828 501 1868 cum
516 1831 580 1893 quo
593 1810 732 1872 similiter
747 1811 888 1889 limabis3
912 1819 945 1872 ct
959 1809 986 1872 si
998 1832 1078 1894 opus
1090 1808 1184 1872 fuerit
1195 1807 1295 1870 addes
1307 1829 1432 1891 cupmm
1524 1820 1525 1845 ³

340 1909 466 1970 tertium
490 1912 637 1994 grossius.
684 1911 830 1998 Cumque
853 1921 888 1974 ut
910 1910 1044 1973 volueris
1062 1911 1206 1974 foramen
1229 1910 1432 1995 ampliaveris,
1524 1894 1525 1929 l

341 2008 451 2095 frange
481 2013 643 2076 sabuleum
674 2015 810 2097 lapidem
841 2012 1004 2089 subtiliter,
1032 2023 1063 2074 et
1093 2011 1155 2076 hoc
1186 2012 1336 2096 imposito
1366 2034 1431 2076 cum
1524 2008 1525 2037 ³

341 2134 438 2197 cupro
461 2136 543 2178 novo
566 2117 689 2180 limabis
712 2117 813 2180 donec
836 2116 957 2202 aequale
979 2115 1045 2177 fiet.
1093 2113 1219 2177 Deinde
1240 2115 1317 2179 tolle
1335 2115 1432 2199 plum·

341 2214 417 2277 bum
441 2218 506 2301 pari
529 2219 624 2281 modo
648 2219 828 2294 rotundum,
851 2217 1024 2304 addithque
1047 2215 1195 2280 fricaturi
1218 2216 1343 2301 mgidae,
1365 2238 1431 2279 cum
1524 2216 1525 2281 ἶ

341 2318 448 2396 saliva,
472 2319 571 2404 polies
593 2321 736 2416 foramen
755 2321 893 2399 interius,
915 2321 1083 2405 ipsumque
1104 2318 1225 2381 nodum
1239 2319 1322 2382 sicut
1344 2340 1432 2404 supra
1524 2306 1525 2373 Ῡ

340 2422 486 2485 exterius.
534 2423 743 2487 Potissimum
767 2423 962 2486 christallum
985 2420 1244 2484 rotundissimum
1266 2420 1432 2485 formatum

339 2533 371 2587 et
393 2525 536 2610 politum,
560 2527 710 2613 aquisque
725 2526 775 2589 vel
797 2523 896 2588 selivh
917 2523 1133 2588 madefactum
1155 2533 1187 2587 et
1204 2525 1289 2587 clero
1304 2524 1366 2587 soli
1379 2524 1431 2587 ad·

339 2624 484 2705 hibitum,
499 2628 565 2690 isca
579 2650 675 2713 quam
691 2636 848 2691 tenturam
861 2636 978 2691 vocant
992 2626 1157 2711 supposita
1171 2626 1225 2705 ita,
1240 2638 1277 2688 ut
1290 2626 1432 2712 splendor

339 2727 371 2790 in
398 2751 469 2794 eam
489 2730 600 2809 vibret,
623 2731 727 2815 ignem
752 2728 985 2793 velocissimum
1011 2728 1117 2793 trahit.
1163 2728 1260 2803 Quod
1286 2729 1313 2791 si
1339 2730 1432 2793 chris-

338 2832 448 2895 tallum
476 2856 581 2896 secare
606 2833 753 2913 volueris,
774 2832 871 2915 infige
901 2839 1037 2916 quatuor
1063 2830 1171 2895 clavos
1196 2831 1319 2917 ligneos
1345 2852 1433 2917 super

338 2956 513 3011 scamnum,
528 2936 609 2999 inter
630 2957 711 3022 quos
732 2933 928 2997 christallum
949 2933 1081 2999 firmiter
1096 2934 1213 3019 jaceat,
1228 2934 1283 3022 qui
1297 2934 1431 3001 clavisic

337 3035 477 3114 stabunt,
493 3046 528 3098 ut
550 3035 614 3099 duo
637 3037 781 3121 superius
803 3044 835 3098 et
854 3035 920 3099 duo
942 3035 1070 3099 inferius
1093 3037 1137 3100 sic
1154 3037 1289 3102 strictim
1305 3036 1432 3121 conjun-

338 3148 462 3222 gentur,
477 3150 513 3201 ut
528 3160 613 3201 serra
627 3139 711 3202 inter
725 3160 781 3202 eos
796 3137 878 3202 trebi
895 3137 946 3201 vix
962 3138 1073 3222 possit,
1088 3147 1120 3202 et
1134 3139 1166 3201 in
1179 3139 1299 3202 nullom
1315 3147 1430 3223 partem

339 3241 432 3321 flecti,
457 3241 689 3326 imponensque
705 3262 823 3305 serram
842 3240 975 3304 ferream
996 3247 1092 3325 atque
1108 3240 1323 3325 superjaciens
1343 3239 1431 3303 sabu-

338 3344 403 3408 lum
419 3354 547 3409 acutum
563 3343 648 3430 aqud
662 3343 882 3419 commixtum,
898 3341 949 3406 fac
960 3352 1045 3405 stare
1056 3341 1135 3405 duos
1147 3343 1201 3427 qui
1213 3363 1285 3405 eern
1295 3341 1431 3419 trahant,

337 3449 454 3535 quique
469 3448 615 3512 sabulum
631 3468 703 3511 cum
720 3466 803 3531 aqua
824 3444 892 3508 sine
907 3442 1138 3507 intermissione
1153 3443 1288 3528 desuper
1304 3444 1430 3529 jaciant

340 3550 411 3615 Hoc
434 3551 556 3615 tamdiu
578 3551 645 3629 fiat,
663 3549 765 3613 donec
790 3547 983 3611 christallum
1006 3545 1039 3609 in
1056 3544 1179 3609 duabus
1201 3546 1344 3631 partibus
1357 3546 1430 3610 divi·

337 3655 439 3733 datur,
461 3675 541 3739 quas
563 3652 787 3738 superlricabis
809 3660 841 3715 et
863 3651 961 3736 polies
984 3659 1145 3735 utsupra.
1192 3647 1316 3727 Eodem
1339 3649 1430 3713 modo

337 3764 494 3831 secantur,
517 3756 667 3819 fricantur
689 3766 786 3841 atque
809 3754 970 3839 poliuntur
989 3750 1065 3817 onix
1085 3762 1117 3813 ct
1134 3751 1271 3831 berillus,
1292 3772 1430 3835 smarag-

336 3857 406 3934 dus,
417 3855 519 3941 jaspis
534 3867 567 3918 et
582 3857 794 3936 calcedonius,
809 3856 967 3942 ceterique
982 3853 1101 3940 lapides
1115 3853 1267 3939 preciosi,
1288 3855 1326 3917 lit
1338 3854 1429 3917 etiam

335 3957 538 4022 tenuissimus
556 3958 657 4042 pulvis
680 3960 720 4022 de
744 3958 929 4044 fragmentis
951 3956 1102 4021 christalli
1120 3955 1187 4040 qui,
1207 3955 1325 4018 mixtus
1340 3954 1429 4039 aqui,

338 4061 463 4150 ponitur
486 4082 579 4146 super
603 4061 757 4147 aequalem
781 4062 902 4145 lignum
922 4059 1058 4137 desiria,
1079 4067 1111 4120 et
1131 4057 1265 4141 desuper
1285 4056 1429 4121 fricantur
