3018 5170
327 494 392 557 330
680 511 873 556 rusorum
897 511 1001 555 mnne
1024 510 1077 554 ιιι.

326 662 414 726 limbi
429 663 561 747 graciles
576 672 609 727 et
632 663 768 741 latiores,
794 662 958 751 inquibus
976 662 1042 726 siut
1055 661 1160 740 dores,
1184 660 1292 726 bestiae
1305 669 1337 724 et
1353 660 1413 725 ari·
1492 744 1493 751 ἵ

326 766 415 843 culae,
438 765 504 829 sive
519 765 673 831 dracones
694 766 894 832 concatenati
914 765 1006 830 collis
1020 774 1053 830 et
1071 763 1193 842 caudis,
1214 770 1248 828 et
1261 784 1325 827 non
1340 763 1415 829 scul-

326 878 440 952 pantur
457 867 609 952 profunde
626 869 728 949 nimis,
750 869 808 935 sed
823 868 1023 933 mediocriter
1036 889 1074 933 ae
1089 867 1242 933 studiose.
1296 865 1415 930 Deinde

326 971 680 1057 attenusbisargentum
691 973 791 1036 multo
801 972 926 1039 tenuius
935 992 1032 1058 quam
1042 970 1084 1037 ad
1095 969 1284 1035 elevandum
1294 976 1415 1055 quanta

326 1074 531 1157 longitudinis
547 1075 690 1153 volueris,
700 1084 796 1162 atque
811 1074 963 1160 purgabis
977 1095 1050 1138 cum
1065 1072 1255 1138 carbonibus
1270 1071 1416 1137 subtiliter

326 1176 418 1253 tritis,
441 1185 473 1240 et
488 1198 605 1263 panno,
627 1178 727 1262 polies
749 1199 822 1242 cum
845 1188 934 1243 creta
955 1176 1090 1262 desuper
1112 1175 1194 1241 resi„
1240 1174 1318 1250 Quo
1340 1172 1415 1237 fecto

326 1281 486 1366 conjunge
511 1291 678 1364 argentum
699 1280 876 1366 cuicunque
896 1280 1008 1359 limbo,
1029 1278 1256 1366 suppositoque
1277 1276 1360 1341 ferro
1373 1277 1415 1339 in·

326 1382 451 1458 eudem,
462 1382 507 1444 ita
522 1392 557 1444 at
572 1383 735 1469 sculptura
749 1382 891 1471 superius
906 1383 958 1462 sit,
971 1403 1010 1446 ao
1024 1382 1223 1467 superlocato
1237 1380 1266 1444 ei
1280 1388 1414 1465 urgento,
1493 1380 1494 1455 ξ

325 1485 460 1570 desuper
482 1506 564 1570 pone
587 1486 753 1570 plumbum
776 1486 928 1572 (spissum
939 1484 961 1563 ¹,
988 1483 1205 1571 percutiesque
1226 1505 1300 1547 cum
1321 1482 1413 1545 maleo
1493 1508 1494 1567 q

327 1587 456 1666 fortiter,
478 1587 523 1651 ita
542 1598 577 1650 ut
598 1588 777 1675 plumbum)
800 1589 957 1673 impingat
977 1595 1146 1673 argentum
1165 1596 1258 1650 tenne
1272 1586 1306 1648 in
1320 1584 1414 1669 serulp
1493 1604 1494 1607 ’

326 1701 427 1754 turam
449 1699 515 1754 tam
531 1691 645 1770 valide,
668 1701 705 1755 ut
718 1713 830 1755 omnes
850 1700 969 1754 tructus
984 1689 1018 1752 in
1033 1711 1073 1753 eo
1088 1688 1222 1775 pleniter
1240 1696 1413 1774 apparerent

327 1792 423 1867 Quod
439 1793 466 1856 si
485 1792 602 1856 lamina
626 1793 749 1878 longior
769 1792 872 1871 fuerit,
894 1792 984 1857 trehe
1004 1813 1077 1856 eem
1100 1792 1227 1856 deloco
1246 1792 1288 1854 ad
1308 1792 1413 1863 locum,

326 1904 358 1957 et
372 1894 577 1978 conjunctam
593 1895 674 1959 ferro
692 1917 766 1959 cum
784 1894 904 1981 forcipe
918 1895 1082 1982 {equaliter
1101 1904 1183 1974 tene,
1206 1903 1243 1958 ut
1255 1916 1321 1957 una
1335 1904 1414 1979 parte

326 1996 486 2081 percussi,
510 1997 573 2061 alia
593 1997 793 2082 percutiatur,
818 1997 926 2084 sicque
945 1998 1004 2061 liat
1022 1996 1124 2061 donec
1146 1996 1265 2060 lamina
1282 1995 1413 2059 tolain-

325 2098 458 2184 pleatur.
504 2098 576 2164 Hoc
595 2122 676 2185 opus
695 2099 772 2164 satis
785 2100 862 2165 utile
876 2110 925 2164 est
944 2100 1030 2164 circa
1049 2098 1164 2164 limbos
1183 2098 1217 2162 in
1231 2096 1414 2162 fabricandis

326 2201 441 2265 tubulis
456 2201 613 2281 altarium,
623 2202 655 2265 in
670 2201 854 2287 pulpitibus,
864 2202 898 2266 in
910 2212 1092 2267 sanctorum
1108 2223 1276 2287 corporum
1292 2200 1413 2275 scriniis,

326 2301 359 2364 in
374 2303 460 2365 libris
471 2314 504 2366 et
518 2303 549 2366 in
562 2303 804 2391 quibuscunque
818 2305 897 2369 locis
911 2327 992 2392 opus
1004 2304 1109 2384 fuerit,
1120 2304 1249 2390 quando
1263 2305 1414 2368 elevatura

326 2404 442 2468 decora
456 2415 505 2470 est
519 2415 552 2470 st
565 2407 698 2485 subtilis,
710 2416 743 2471 et
756 2406 868 2472 leviter
881 2407 927 2471 lit.
974 2405 1026 2471 Fit
1041 2407 1136 2471 etiam
1151 2407 1184 2470 iu
1199 2428 1297 2493 cupro
1311 2407 1412 2492 hujus·

326 2507 414 2570 modi
429 2508 515 2594 quod
536 2508 628 2572 simili
644 2509 739 2573 modo
763 2518 953 2588 attenuatur,
972 2519 1125 2597 purgatur
1140 2521 1173 2574 et
1192 2510 1362 2575 deauratm
1374 2517 1413 2572 et-

326 2633 390 2698 que
408 2614 542 2698 politur3
565 2613 652 2699 quod
676 2612 758 2676 feno
779 2612 1023 2699 superpositum,
1044 2613 1090 2677 ita
1104 2627 1141 2677 ut
1153 2613 1343 2677 deauratum
1356 2631 1413 2674 rer·
1494 2604 1495 2607 '

326 2722 410 2777 tatur
425 2715 466 2778 ad
482 2715 609 2794 ferrum,
625 2715 755 2800 plumbo
775 2715 974 2802 superposito
989 2716 1163 2801 percutitur
1184 2716 1287 2780 donec
1304 2723 1414 2779 tracon

326 2829 511 2904 appareant.
550 2818 710 2904 Sculpitur
718 2841 846 2905 quoque
856 2819 890 2882 in
901 2818 995 2898 ferro,
1006 2820 1103 2884 modo
1113 2818 1305 2904 supradicto,
1316 2819 1413 2903 imago

325 2922 468 2986 crucifixi
484 2921 626 3000 Domini,
648 2943 720 3008 quae
735 2943 808 2985 cum
823 2930 957 3006 argento
971 2923 1021 2985 vel
1035 2944 1134 3008 cupro
1154 2922 1307 2986 desumto
1321 2920 1413 3006 inpin-

258 3048 268 3069 ·
325 3023 420 3108 gitur,
436 3032 468 3086 et
482 3022 675 3087 fabricantur
696 3023 771 3087 inde
792 3023 1000 3110 phylacteria,
1015 3024 1048 3087 id
1070 3033 1120 3089 est
1136 3025 1282 3111 capsellae
1297 3022 1413 3109 reliqui·

326 3145 415 3187 arum
435 3132 468 3185 ct
489 3122 637 3188 scriniola
660 3124 859 3190 Sanctorum.
906 3124 958 3190 Fit
979 3126 1073 3191 etiem
1094 3128 1255 3213 sculptura
1273 3125 1413 3212 imaginis

326 3226 411 3312 Agni
435 3225 497 3290 Dei
512 3226 544 3289 in
567 3225 659 3307 ferro,
675 3236 708 3291 et
728 3227 884 3314 imagines
905 3238 1042 3315 quatuor
1062 3229 1337 3316 evangelistarum,
1352 3227 1414 3314 qui·

326 3325 386 3389 bus
406 3347 484 3390 auro
498 3326 548 3390 vel
561 3336 694 3412 argento
715 3328 875 3415 impressis
890 3340 1042 3396 ornantur
1055 3333 1167 3419 scyphi
1191 3333 1268 3419 ligni
1281 3330 1413 3419 pretiosi,

326 3438 431 3493 stante
453 3430 557 3493 rotula
578 3431 653 3515 agni
674 3431 708 3495 in
733 3431 839 3497 medio
866 3434 988 3520 scyphi,
1010 3445 1147 3522 quatuor
1167 3434 1366 3522 evangelistis
1384 3433 1412 3495 in

326 3532 458 3595 modum
474 3534 576 3597 crucis
590 3532 623 3595 in
637 3533 778 3613 circuitu,
794 3546 826 3599 et
844 3535 1089 3621 procedentibus
1107 3547 1246 3624 quatuor
1259 3537 1363 3603 limbis
1376 3533 1412 3598 ab

326 3657 412 3721 agno
428 3658 528 3723 usqne
549 3636 591 3700 ad
613 3646 748 3723 quatuor
767 3639 994 3724 evangelistas:
1018 3641 1100 3703 fiunt
1114 3640 1268 3726 imagines
1286 3637 1412 3725 piscicu-

325 3736 428 3801 lomm
443 3739 595 3803 clavium
617 3749 713 3827 atque
735 3740 917 3821 bestiamm,
940 3764 1011 3830 quse
1032 3742 1174 3829 figuntur
1194 3764 1252 3828 per
1266 3740 1413 3827 reliquum

326 3839 438 3924 scyphi
470 3862 628 3927 campum,
663 3842 839 3928 praebentes
872 3855 1018 3908 ornatum
1051 3845 1195 3909 multutn.
1244 3843 1296 3907 Fit
1323 3842 1412 3906 etiem

326 3940 433 4025 imago
449 3939 631 4028 Mnjestatis
653 3945 765 4009 codem
788 3946 896 4026 modo,
911 3947 1044 4034 aliaeque
1065 3947 1230 4034 imagines,
1254 3947 1414 4033 cujuscun-

651 4128 658 4159 ¹
675 4130 823 4192 menae,
833 4148 860 4181 a
872 4133 929 4183 oon.
941 4133 1041 4198 saep.
