<?xml version="1.0" encoding="UTF-8"?>
<!DOCTYPE html PUBLIC "-//W3C//DTD XHTML 1.0 Transitional//EN"
    "http://www.w3.org/TR/xhtml1/DTD/xhtml1-transitional.dtd">
<html xmlns="http://www.w3.org/1999/xhtml" xml:lang="en" lang="en">
 <head>
  <title>
</title>
<meta http-equiv="Content-Type" content="text/html;charset=utf-8" />
  <meta name='ocr-system' content='tesseract 3.04.00' />
  <meta name='ocr-capabilities' content='ocr_page ocr_carea ocr_par ocr_line ocrx_word'/>
</head>
<body>
  <div class='ocr_page' id='page_1' title='image "./theophiliquietr01hendgoog_0331.png"; bbox 0 0 3018 5170; ppageno 0'>
   <div class='ocr_carea' id='block_1_1' title="bbox 324 508 1077 567">
    <p class='ocr_par' dir='ltr' id='par_1_1' title="bbox 324 508 1077 567">
     <span class='ocr_line' id='line_1_1' title="bbox 324 508 1077 567; baseline 0.001 -1"><span class='ocrx_word' id='word_1_1' title='bbox 324 508 389 567; x_wconf 74' lang='lat'><strong>262</strong></span> <span class='ocrx_word' id='word_1_2' title='bbox 677 524 870 567; x_wconf 78' lang='lat' dir='ltr'><strong>rrruoerrrrr</strong></span> <span class='ocrx_word' id='word_1_3' title='bbox 896 525 1000 566; x_wconf 81' lang='lat' dir='ltr'><strong>mssa</strong></span> <span class='ocrx_word' id='word_1_4' title='bbox 1024 526 1077 567; x_wconf 92' lang='lat'>111.</span> 
     </span>
    </p>
   </div>
   <div class='ocr_carea' id='block_1_2' title="bbox 322 675 1430 965">
    <p class='ocr_par' dir='ltr' id='par_1_2' title="bbox 322 675 1430 965">
     <span class='ocr_line' id='line_1_2' title="bbox 322 675 1430 762; baseline 0.003 -25"><span class='ocrx_word' id='word_1_5' title='bbox 322 675 534 761; x_wconf 61' lang='lat' dir='ltr'><strong>¹«equalitatem</strong></span> <span class='ocrx_word' id='word_1_6' title='bbox 559 676 656 738; x_wconf 89' lang='lat' dir='ltr'><strong>totius</strong></span> <span class='ocrx_word' id='word_1_7' title='bbox 681 685 824 759; x_wconf 82' lang='lat' dir='ltr'><strong>patenae3</strong></span> <span class='ocrx_word' id='word_1_8' title='bbox 855 697 951 762; x_wconf 87' lang='lat' dir='ltr'><strong>quem</strong></span> <span class='ocrx_word' id='word_1_9' title='bbox 978 676 1080 739; x_wconf 82' lang='lat' dir='ltr'>fodies</span> <span class='ocrx_word' id='word_1_10' title='bbox 1104 676 1260 741; x_wconf 72' lang='lat' dir='ltr'>subtiliter</span> <span class='ocrx_word' id='word_1_11' title='bbox 1285 687 1318 741; x_wconf 90' lang='lat' dir='ltr'><strong>et</strong></span> <span class='ocrx_word' id='word_1_12' title='bbox 1340 677 1430 740; x_wconf 89' lang='lat' dir='ltr'><strong>deni-</strong></span> 
     </span>
     <span class='ocr_line' id='line_1_3' title="bbox 323 777 1429 865; baseline 0.003 -26"><span class='ocrx_word' id='word_1_13' title='bbox 323 778 439 862; x_wconf 72' lang='lat' dir='ltr'><strong>grabiS,</strong></span> <span class='ocrx_word' id='word_1_14' title='bbox 464 778 680 865; x_wconf 82' lang='lat' dir='ltr'>reliquamque</span> <span class='ocrx_word' id='word_1_15' title='bbox 705 790 855 863; x_wconf 82' lang='lat' dir='ltr'><strong>patenam</strong></span> <span class='ocrx_word' id='word_1_16' title='bbox 877 777 1057 858; x_wconf 81' lang='lat' dir='ltr'>deaurabis,</span> <span class='ocrx_word' id='word_1_17' title='bbox 1080 789 1111 843; x_wconf 89' lang='lat' dir='ltr'><strong>et</strong></span> <span class='ocrx_word' id='word_1_18' title='bbox 1136 779 1235 863; x_wconf 91' lang='lat' dir='ltr'><strong>polies</strong></span> <span class='ocrx_word' id='word_1_19' title='bbox 1258 788 1429 865; x_wconf 89' lang='lat' dir='ltr'><strong>utrumque</strong></span> 
     </span>
     <span class='ocr_line' id='line_1_4' title="bbox 324 881 575 965; baseline 0 -23"><span class='ocrx_word' id='word_1_20' title='bbox 324 881 406 943; x_wconf 86' lang='lat' dir='ltr'><strong>sicut</strong></span> <span class='ocrx_word' id='word_1_21' title='bbox 421 881 575 965; x_wconf 86' lang='lat' dir='ltr'><strong>superius.</strong></span> 
     </span>
    </p>
   </div>
   <div class='ocr_carea' id='block_1_3' title="bbox 650 1378 1117 1475">
    <p class='ocr_par' dir='ltr' id='par_1_3' title="bbox 650 1378 1117 1475">
     <span class='ocr_line' id='line_1_5' title="bbox 650 1378 1117 1475; baseline -0.002 0"><span class='ocrx_word' id='word_1_22' title='bbox 650 1378 891 1475; x_wconf 84' lang='lat' dir='ltr'><strong>CAPUT</strong></span> <span class='ocrx_word' id='word_1_23' title='bbox 951 1379 1117 1475; x_wconf 88' lang='lat' dir='ltr'><strong>XLV.</strong></span> 
     </span>
    </p>
   </div>
   <div class='ocr_carea' id='block_1_4' title="bbox 766 1618 991 1661">
    <p class='ocr_par' dir='ltr' id='par_1_4' title="bbox 766 1618 991 1661">
     <span class='ocr_line' id='line_1_6' title="bbox 766 1618 991 1661; baseline 0.009 -2"><span class='ocrx_word' id='word_1_24' title='bbox 766 1618 812 1660; x_wconf 83' lang='lat' dir='ltr'><strong>DE</strong></span> <span class='ocrx_word' id='word_1_25' title='bbox 836 1619 991 1661; x_wconf 71' lang='lat' dir='ltr'><strong>mrum.</strong></span> 
     </span>
    </p>
   </div>
   <div class='ocr_carea' id='block_1_5' title="bbox 326 1784 1507 4323">
    <p class='ocr_par' dir='ltr' id='par_1_5' title="bbox 326 1784 1507 4323">
     <span class='ocr_line' id='line_1_7' title="bbox 329 1784 1427 1939; baseline 0.001 -89"><span class='ocrx_word' id='word_1_26' title='bbox 329 1786 610 1939; x_wconf 80' lang='lat' dir='ltr'><strong>FlSTULUM</strong></span> <span class='ocrx_word' id='word_1_27' title='bbox 628 1809 755 1872; x_wconf 92' lang='lat' dir='ltr'><strong>quoque</strong></span> <span class='ocrx_word' id='word_1_28' title='bbox 771 1784 867 1849; x_wconf 86' lang='lat' dir='ltr'><strong>facies</strong></span> <span class='ocrx_word' id='word_1_29' title='bbox 883 1784 916 1847; x_wconf 92' lang='lat' dir='ltr'><strong>iu</strong></span> <span class='ocrx_word' id='word_1_30' title='bbox 939 1786 1037 1848; x_wconf 87' lang='lat' dir='ltr'><strong>calice</strong></span> <span class='ocrx_word' id='word_1_31' title='bbox 1052 1784 1115 1850; x_wconf 92' lang='lat' dir='ltr'><strong>hoc</strong></span> <span class='ocrx_word' id='word_1_32' title='bbox 1137 1787 1244 1851; x_wconf 83' lang='lat' dir='ltr'><strong>mode.</strong></span> <span class='ocrx_word' id='word_1_33' title='bbox 1292 1787 1358 1852; x_wconf 86' lang='lat' dir='ltr'><strong>Fac</strong></span> <span class='ocrx_word' id='word_1_34' title='bbox 1372 1788 1427 1853; x_wconf 89' lang='lat' dir='ltr'><strong>tibi</strong></span> 
     </span>
     <span class='ocr_line' id='line_1_8' title="bbox 424 1889 1426 1977; baseline 0.003 -25"><span class='ocrx_word' id='word_1_35' title='bbox 424 1891 540 1953; x_wconf 87' lang='lat' dir='ltr'><strong>ferrum</strong></span> <span class='ocrx_word' id='word_1_36' title='bbox 566 1890 763 1975; x_wconf 83' lang='lat' dir='ltr'><strong>longitudine</strong></span> <span class='ocrx_word' id='word_1_37' title='bbox 790 1890 904 1974; x_wconf 82' lang='lat' dir='ltr'><strong>palmae</strong></span> <span class='ocrx_word' id='word_1_38' title='bbox 926 1889 1020 1951; x_wconf 89' lang='lat' dir='ltr'><strong>unius</strong></span> <span class='ocrx_word' id='word_1_39' title='bbox 1042 1899 1075 1952; x_wconf 92' lang='lat' dir='ltr'><strong>et</strong></span> <span class='ocrx_word' id='word_1_40' title='bbox 1089 1900 1225 1975; x_wconf 87' lang='lat' dir='ltr'><strong>quatuor</strong></span> <span class='ocrx_word' id='word_1_41' title='bbox 1247 1891 1426 1977; x_wconf 84' lang='lat' dir='ltr'><strong>digitorum,</strong></span> 
     </span>
     <span class='ocr_line' id='line_1_9' title="bbox 326 1991 1428 2080; baseline -0.001 -24"><span class='ocrx_word' id='word_1_42' title='bbox 326 1994 412 2080; x_wconf 92' lang='lat' dir='ltr'><strong>quod</strong></span> <span class='ocrx_word' id='word_1_43' title='bbox 440 1994 473 2055; x_wconf 89' lang='lat' dir='ltr'><strong>in</strong></span> <span class='ocrx_word' id='word_1_44' title='bbox 500 2015 563 2056; x_wconf 89' lang='lat' dir='ltr'><strong>una</strong></span> <span class='ocrx_word' id='word_1_45' title='bbox 593 1993 775 2055; x_wconf 78' lang='lat' dir='ltr'><strong>summitate</strong></span> <span class='ocrx_word' id='word_1_46' title='bbox 798 1992 890 2054; x_wconf 82' lang='lat' dir='ltr'><strong>valde</strong></span> <span class='ocrx_word' id='word_1_47' title='bbox 914 1991 956 2054; x_wconf 90' lang='lat' dir='ltr'><strong>sit</strong></span> <span class='ocrx_word' id='word_1_48' title='bbox 980 1992 1107 2076; x_wconf 85' lang='lat' dir='ltr'><strong>gracile,</strong></span> <span class='ocrx_word' id='word_1_49' title='bbox 1122 2004 1156 2055; x_wconf 91' lang='lat' dir='ltr'><strong>et</strong></span> <span class='ocrx_word' id='word_1_50' title='bbox 1180 1993 1254 2056; x_wconf 91' lang='lat' dir='ltr'><strong>iude</strong></span> <span class='ocrx_word' id='word_1_51' title='bbox 1278 1994 1428 2078; x_wconf 86' lang='lat' dir='ltr'><strong>procedat</strong></span> 
     </span>
     <span class='ocr_line' id='line_1_10' title="bbox 326 2093 1426 2182; baseline 0 -23"><span class='ocrx_word' id='word_1_52' title='bbox 326 2098 468 2182; x_wconf 83' lang='lat' dir='ltr'>grossius</span> <span class='ocrx_word' id='word_1_53' title='bbox 483 2118 584 2181; x_wconf 90' lang='lat' dir='ltr'><strong>usque</strong></span> <span class='ocrx_word' id='word_1_54' title='bbox 600 2094 640 2157; x_wconf 85' lang='lat' dir='ltr'><strong>ad</strong></span> <span class='ocrx_word' id='word_1_55' title='bbox 658 2096 788 2157; x_wconf 87' lang='lat' dir='ltr'><strong>alteram</strong></span> <span class='ocrx_word' id='word_1_56' title='bbox 808 2093 1035 2172; x_wconf 81' lang='lat' dir='ltr'><strong>summitatem,</strong></span> <span class='ocrx_word' id='word_1_57' title='bbox 1052 2115 1122 2180; x_wconf 86' lang='lat' dir='ltr'><strong>quae</strong></span> <span class='ocrx_word' id='word_1_58' title='bbox 1138 2095 1180 2157; x_wconf 88' lang='lat' dir='ltr'><strong>sit</strong></span> <span class='ocrx_word' id='word_1_59' title='bbox 1193 2095 1275 2159; x_wconf 89' lang='lat' dir='ltr'><strong>sicut</strong></span> <span class='ocrx_word' id='word_1_60' title='bbox 1290 2095 1426 2174; x_wconf 65' lang='lat' dir='ltr'><strong>festucam</strong></span> 
     </span>
     <span class='ocr_line' id='line_1_11' title="bbox 326 2195 1427 2284; baseline -0.001 -23"><span class='ocrx_word' id='word_1_61' title='bbox 326 2200 430 2284; x_wconf 89' lang='lat' dir='ltr'><strong>sitque</strong></span> <span class='ocrx_word' id='word_1_62' title='bbox 445 2198 562 2261; x_wconf 88' lang='lat' dir='ltr'><strong>ferrum</strong></span> <span class='ocrx_word' id='word_1_63' title='bbox 578 2196 750 2261; x_wconf 88' lang='lat' dir='ltr'><strong>rotundum</strong></span> <span class='ocrx_word' id='word_1_64' title='bbox 766 2205 798 2258; x_wconf 90' lang='lat' dir='ltr'><strong>et</strong></span> <span class='ocrx_word' id='word_1_65' title='bbox 810 2195 972 2282; x_wconf 85' lang='lat' dir='ltr'><strong>aequaliter</strong></span> <span class='ocrx_word' id='word_1_66' title='bbox 986 2195 1141 2258; x_wconf 88' lang='lat' dir='ltr'><strong>limatum.</strong></span> <span class='ocrx_word' id='word_1_67' title='bbox 1187 2195 1338 2283; x_wconf 86' lang='lat' dir='ltr'><strong>Cumque</strong></span> <span class='ocrx_word' id='word_1_68' title='bbox 1351 2207 1427 2261; x_wconf 85' lang='lat' dir='ltr'><strong>atte-</strong></span> 
     </span>
     <span class='ocr_line' id='line_1_12' title="bbox 327 2297 1425 2386; baseline -0.003 -21"><span class='ocrx_word' id='word_1_69' title='bbox 327 2303 473 2365; x_wconf 86' lang='lat' dir='ltr'><strong>nuaveris</strong></span> <span class='ocrx_word' id='word_1_70' title='bbox 497 2311 663 2386; x_wconf 87' lang='lat' dir='ltr'><strong>argentum</strong></span> <span class='ocrx_word' id='word_1_71' title='bbox 691 2322 814 2384; x_wconf 86' lang='lat' dir='ltr'><strong>purum,</strong></span> <span class='ocrx_word' id='word_1_72' title='bbox 832 2298 988 2383; x_wconf 83' lang='lat' dir='ltr'><strong>complica</strong></span> <span class='ocrx_word' id='word_1_73' title='bbox 1011 2297 1087 2360; x_wconf 91' lang='lat' dir='ltr'><strong>illud</strong></span> <span class='ocrx_word' id='word_1_74' title='bbox 1112 2297 1195 2362; x_wconf 88' lang='lat' dir='ltr'><strong>circa</strong></span> <span class='ocrx_word' id='word_1_75' title='bbox 1218 2298 1280 2362; x_wconf 88' lang='lat' dir='ltr'><strong>hoc</strong></span> <span class='ocrx_word' id='word_1_76' title='bbox 1303 2300 1425 2376; x_wconf 80' lang='lat' dir='ltr'><strong>sermm,</strong></span> 
     </span>
     <span class='ocr_line' id='line_1_13' title="bbox 327 2400 1423 2491; baseline -0.004 -23"><span class='ocrx_word' id='word_1_77' title='bbox 327 2406 525 2491; x_wconf 85' lang='lat' dir='ltr'><strong>coujungens</strong></span> <span class='ocrx_word' id='word_1_78' title='bbox 550 2403 748 2466; x_wconf 86' lang='lat' dir='ltr'><strong>summitates</strong></span> <span class='ocrx_word' id='word_1_79' title='bbox 773 2401 935 2486; x_wconf 73' lang='lat' dir='ltr'><strong>aequaliter</strong></span> <span class='ocrx_word' id='word_1_80' title='bbox 958 2423 1032 2463; x_wconf 89' lang='lat' dir='ltr'><strong>curn</strong></span> <span class='ocrx_word' id='word_1_81' title='bbox 1055 2400 1142 2478; x_wconf 89' lang='lat' dir='ltr'><strong>lima,</strong></span> <span class='ocrx_word' id='word_1_82' title='bbox 1157 2402 1323 2488; x_wconf 86' lang='lat' dir='ltr'><strong>ejectoque</strong></span> <span class='ocrx_word' id='word_1_83' title='bbox 1347 2402 1423 2465; x_wconf 89' lang='lat' dir='ltr'><strong>ferro</strong></span> 
     </span>
     <span class='ocr_line' id='line_1_14' title="bbox 328 2502 1425 2591; baseline -0.004 -21"><span class='ocrx_word' id='word_1_84' title='bbox 328 2507 419 2570; x_wconf 89' lang='lat' dir='ltr'><strong>mitte</strong></span> <span class='ocrx_word' id='word_1_85' title='bbox 444 2507 476 2568; x_wconf 91' lang='lat' dir='ltr'><strong>in</strong></span> <span class='ocrx_word' id='word_1_86' title='bbox 504 2506 611 2591; x_wconf 85' lang='lat' dir='ltr'><strong>ignem</strong></span> <span class='ocrx_word' id='word_1_87' title='bbox 638 2513 670 2567; x_wconf 88' lang='lat' dir='ltr'><strong>et</strong></span> <span class='ocrx_word' id='word_1_88' title='bbox 696 2503 808 2565; x_wconf 87' lang='lat' dir='ltr'><strong>solida.</strong></span> <span class='ocrx_word' id='word_1_89' title='bbox 854 2502 995 2566; x_wconf 83' lang='lat' dir='ltr'><strong>Rursum</strong></span> <span class='ocrx_word' id='word_1_90' title='bbox 1021 2503 1171 2588; x_wconf 89' lang='lat' dir='ltr'><strong>imposito</strong></span> <span class='ocrx_word' id='word_1_91' title='bbox 1198 2503 1280 2567; x_wconf 90' lang='lat' dir='ltr'><strong>ferro</strong></span> <span class='ocrx_word' id='word_1_92' title='bbox 1304 2513 1425 2589; x_wconf 89' lang='lat' dir='ltr'><strong>percute</strong></span> 
     </span>
     <span class='ocr_line' id='line_1_15' title="bbox 327 2604 1424 2693; baseline -0.003 -24"><span class='ocrx_word' id='word_1_93' title='bbox 327 2629 401 2669; x_wconf 91' lang='lat' dir='ltr'><strong>cum</strong></span> <span class='ocrx_word' id='word_1_94' title='bbox 417 2608 533 2670; x_wconf 86' lang='lat' dir='ltr'><strong>malleo</strong></span> <span class='ocrx_word' id='word_1_95' title='bbox 548 2606 710 2693; x_wconf 85' lang='lat' dir='ltr'><strong>aequaliter</strong></span> <span class='ocrx_word' id='word_1_96' title='bbox 724 2628 780 2690; x_wconf 88' lang='lat' dir='ltr'><strong>per</strong></span> <span class='ocrx_word' id='word_1_97' title='bbox 796 2604 904 2668; x_wconf 87' lang='lat' dir='ltr'><strong>omnia</strong></span> <span class='ocrx_word' id='word_1_98' title='bbox 926 2605 1060 2684; x_wconf 83' lang='lat' dir='ltr'><strong>tamdiu,</strong></span> <span class='ocrx_word' id='word_1_99' title='bbox 1076 2605 1180 2668; x_wconf 90' lang='lat' dir='ltr'><strong>donec</strong></span> <span class='ocrx_word' id='word_1_100' title='bbox 1198 2605 1351 2689; x_wconf 84' lang='lat' dir='ltr'><strong>junctura</strong></span> <span class='ocrx_word' id='word_1_101' title='bbox 1365 2626 1424 2667; x_wconf 87' lang='lat' dir='ltr'><strong>nou</strong></span> 
     </span>
     <span class='ocr_line' id='line_1_16' title="bbox 327 2707 1423 2794; baseline -0.002 -23"><span class='ocrx_word' id='word_1_102' title='bbox 327 2718 490 2794; x_wconf 83' lang='lat' dir='ltr'><strong>appareat.</strong></span> <span class='ocrx_word' id='word_1_103' title='bbox 535 2707 661 2780; x_wconf 81' lang='lat' dir='ltr'>Deinde</span> <span class='ocrx_word' id='word_1_104' title='bbox 672 2708 722 2770; x_wconf 87' lang='lat' dir='ltr'><strong>fac</strong></span> <span class='ocrx_word' id='word_1_105' title='bbox 735 2707 854 2770; x_wconf 88' lang='lat' dir='ltr'><strong>nodum</strong></span> <span class='ocrx_word' id='word_1_106' title='bbox 868 2707 1068 2792; x_wconf 79' lang='lat' dir='ltr'><strong>singulariter</strong></span> <span class='ocrx_word' id='word_1_107' title='bbox 1081 2707 1252 2770; x_wconf 88' lang='lat' dir='ltr'><strong>rotundum</strong></span> <span class='ocrx_word' id='word_1_108' title='bbox 1262 2716 1294 2770; x_wconf 88' lang='lat' dir='ltr'><strong>et</strong></span> <span class='ocrx_word' id='word_1_109' title='bbox 1306 2729 1423 2783; x_wconf 83' lang='lat' dir='ltr'><strong>cavum,</strong></span> 
     </span>
     <span class='ocr_line' id='line_1_17' title="bbox 327 2807 1423 2897; baseline -0.003 -23"><span class='ocrx_word' id='word_1_110' title='bbox 327 2812 393 2874; x_wconf 87' lang='lat' dir='ltr'><strong>sive</strong></span> <span class='ocrx_word' id='word_1_111' title='bbox 409 2811 664 2897; x_wconf 84' lang='lat' dir='ltr'><strong>quadrangulum</strong></span> <span class='ocrx_word' id='word_1_112' title='bbox 680 2819 712 2873; x_wconf 86' lang='lat' dir='ltr'><strong>et</strong></span> <span class='ocrx_word' id='word_1_113' title='bbox 727 2809 873 2887; x_wconf 85' lang='lat' dir='ltr'><strong>solidum,</strong></span> <span class='ocrx_word' id='word_1_114' title='bbox 885 2818 917 2872; x_wconf 89' lang='lat' dir='ltr'><strong>et</strong></span> <span class='ocrx_word' id='word_1_115' title='bbox 932 2810 981 2873; x_wconf 85' lang='lat' dir='ltr'><strong>fac</strong></span> <span class='ocrx_word' id='word_1_116' title='bbox 998 2808 1030 2870; x_wconf 90' lang='lat' dir='ltr'><strong>in</strong></span> <span class='ocrx_word' id='word_1_117' title='bbox 1045 2832 1083 2872; x_wconf 91' lang='lat' dir='ltr'><strong>eo</strong></span> <span class='ocrx_word' id='word_1_118' title='bbox 1098 2808 1263 2887; x_wconf 87' lang='lat' dir='ltr'><strong>foramem,</strong></span> <span class='ocrx_word' id='word_1_119' title='bbox 1279 2832 1336 2894; x_wconf 89' lang='lat' dir='ltr'><strong>per</strong></span> <span class='ocrx_word' id='word_1_120' title='bbox 1344 2807 1423 2895; x_wconf 91' lang='lat' dir='ltr'><strong>quod</strong></span> 
     </span>
     <span class='ocr_line' id='line_1_18' title="bbox 328 2910 1423 2996; baseline -0.002 -22"><span class='ocrx_word' id='word_1_121' title='bbox 328 2911 518 2974; x_wconf 88' lang='lat' dir='ltr'><strong>immittatur</strong></span> <span class='ocrx_word' id='word_1_122' title='bbox 534 2911 639 2974; x_wconf 87' lang='lat' dir='ltr'><strong>fistula</strong></span> <span class='ocrx_word' id='word_1_123' title='bbox 654 2912 695 2974; x_wconf 91' lang='lat' dir='ltr'><strong>ab</strong></span> <span class='ocrx_word' id='word_1_124' title='bbox 712 2910 849 2975; x_wconf 87' lang='lat' dir='ltr'><strong>inferiori</strong></span> <span class='ocrx_word' id='word_1_125' title='bbox 866 2920 966 2996; x_wconf 85' lang='lat' dir='ltr'><strong>parte,</strong></span> <span class='ocrx_word' id='word_1_126' title='bbox 981 2932 1084 2996; x_wconf 86' lang='lat' dir='ltr'><strong>usque</strong></span> <span class='ocrx_word' id='word_1_127' title='bbox 1099 2932 1181 2995; x_wconf 88' lang='lat' dir='ltr'><strong>pene</strong></span> <span class='ocrx_word' id='word_1_128' title='bbox 1196 2910 1236 2973; x_wconf 85' lang='lat' dir='ltr'><strong>ad</strong></span> <span class='ocrx_word' id='word_1_129' title='bbox 1259 2932 1423 2987; x_wconf 84' lang='lat' dir='ltr'><strong>summum,</strong></span> 
     </span>
     <span class='ocr_line' id='line_1_19' title="bbox 327 3010 1422 3098; baseline -0.003 -23"><span class='ocrx_word' id='word_1_130' title='bbox 327 3012 436 3098; x_wconf 89' lang='lat' dir='ltr'><strong>sicque</strong></span> <span class='ocrx_word' id='word_1_131' title='bbox 451 3014 553 3097; x_wconf 85' lang='lat' dir='ltr'><strong>ejecto</strong></span> <span class='ocrx_word' id='word_1_132' title='bbox 570 3012 651 3076; x_wconf 88' lang='lat' dir='ltr'><strong>ferro</strong></span> <span class='ocrx_word' id='word_1_133' title='bbox 667 3036 792 3076; x_wconf 86' lang='lat' dir='ltr'><strong>rursum</strong></span> <span class='ocrx_word' id='word_1_134' title='bbox 807 3012 959 3077; x_wconf 86' lang='lat' dir='ltr'><strong>solidabis</strong></span> <span class='ocrx_word' id='word_1_135' title='bbox 974 3034 1031 3098; x_wconf 86' lang='lat' dir='ltr'><strong>per</strong></span> <span class='ocrx_word' id='word_1_136' title='bbox 1053 3012 1171 3075; x_wconf 86' lang='lat' dir='ltr'><strong>omnia.</strong></span> <span class='ocrx_word' id='word_1_137' title='bbox 1216 3010 1360 3098; x_wconf 86' lang='lat' dir='ltr'><strong>Cumque</strong></span> <span class='ocrx_word' id='word_1_138' title='bbox 1375 3012 1422 3073; x_wconf 89' lang='lat' dir='ltr'><strong>fir·</strong></span> 
     </span>
     <span class='ocr_line' id='line_1_20' title="bbox 329 3112 1507 3200; baseline 0.002 -25"><span class='ocrx_word' id='word_1_139' title='bbox 329 3135 416 3176; x_wconf 87' lang='lat' dir='ltr'><strong>muru</strong></span> <span class='ocrx_word' id='word_1_140' title='bbox 442 3113 545 3191; x_wconf 82' lang='lat' dir='ltr'><strong>fuerit,</strong></span> <span class='ocrx_word' id='word_1_141' title='bbox 561 3114 666 3177; x_wconf 89' lang='lat' dir='ltr'><strong>denuo</strong></span> <span class='ocrx_word' id='word_1_142' title='bbox 694 3115 845 3199; x_wconf 88' lang='lat' dir='ltr'><strong>imposito</strong></span> <span class='ocrx_word' id='word_1_143' title='bbox 861 3116 943 3178; x_wconf 87' lang='lat' dir='ltr'><strong>serro</strong></span> <span class='ocrx_word' id='word_1_144' title='bbox 966 3114 1122 3199; x_wconf 86' lang='lat' dir='ltr'><strong>percuties</strong></span> <span class='ocrx_word' id='word_1_145' title='bbox 1137 3114 1278 3200; x_wconf 86' lang='lat' dir='ltr'><strong>undique</strong></span> <span class='ocrx_word' id='word_1_146' title='bbox 1302 3136 1321 3177; x_wconf 87' lang='lat' dir='ltr'><strong>a</strong></span> <span class='ocrx_word' id='word_1_147' title='bbox 1342 3112 1421 3177; x_wconf 89' lang='lat' dir='ltr'><strong>uodo</strong></span> <span class='ocrx_word' id='word_1_148' title='bbox 1506 3140 1507 3177; x_wconf 70' lang='grc'><em>;</em></span> 
     </span>
     <span class='ocr_line' id='line_1_21' title="bbox 328 3198 1507 3302; baseline -0.001 -24"><span class='ocrx_word' id='word_1_149' title='bbox 328 3216 476 3279; x_wconf 90' lang='lat' dir='ltr'><strong>deorsum</strong></span> <span class='ocrx_word' id='word_1_150' title='bbox 492 3214 596 3277; x_wconf 90' lang='lat' dir='ltr'><strong>donec</strong></span> <span class='ocrx_word' id='word_1_151' title='bbox 611 3216 745 3302; x_wconf 86' lang='lat' dir='ltr'><strong>aequalis</strong></span> <span class='ocrx_word' id='word_1_152' title='bbox 759 3219 817 3280; x_wconf 87' lang='lat' dir='ltr'><strong>fiat</strong></span> <span class='ocrx_word' id='word_1_153' title='bbox 832 3229 865 3281; x_wconf 91' lang='lat' dir='ltr'><strong>et</strong></span> <span class='ocrx_word' id='word_1_154' title='bbox 880 3216 992 3302; x_wconf 83' lang='lat' dir='ltr'><strong>rigida,</strong></span> <span class='ocrx_word' id='word_1_155' title='bbox 1008 3227 1040 3279; x_wconf 89' lang='lat' dir='ltr'><strong>et</strong></span> <span class='ocrx_word' id='word_1_156' title='bbox 1054 3238 1074 3279; x_wconf 85' lang='lat' dir='ltr'><strong>a</strong></span> <span class='ocrx_word' id='word_1_157' title='bbox 1089 3216 1175 3279; x_wconf 90' lang='lat' dir='ltr'><strong>uodo</strong></span> <span class='ocrx_word' id='word_1_158' title='bbox 1191 3238 1315 3279; x_wconf 88' lang='lat' dir='ltr'><strong>sursum</strong></span> <span class='ocrx_word' id='word_1_159' title='bbox 1330 3216 1422 3278; x_wconf 80' lang='lat' dir='ltr'><strong>silicet</strong></span> <span class='ocrx_word' id='word_1_160' title='bbox 1506 3198 1507 3293; x_wconf 56' lang='lat' dir='ltr'>J</span> 
     </span>
     <span class='ocr_line' id='line_1_22' title="bbox 328 3296 1507 3404; baseline -0.005 -22"><span class='ocrx_word' id='word_1_161' title='bbox 328 3341 366 3382; x_wconf 87' lang='lat' dir='ltr'><strong>ea</strong></span> <span class='ocrx_word' id='word_1_162' title='bbox 382 3330 480 3404; x_wconf 87' lang='lat' dir='ltr'><strong>parte,</strong></span> <span class='ocrx_word' id='word_1_163' title='bbox 506 3338 578 3403; x_wconf 74' lang='lat' dir='ltr'><strong>quae</strong></span> <span class='ocrx_word' id='word_1_164' title='bbox 594 3318 686 3381; x_wconf 87' lang='lat' dir='ltr'><strong>latior</strong></span> <span class='ocrx_word' id='word_1_165' title='bbox 702 3327 734 3380; x_wconf 88' lang='lat' dir='ltr'><strong>et</strong></span> <span class='ocrx_word' id='word_1_166' title='bbox 748 3319 890 3404; x_wconf 85' lang='lat' dir='ltr'><strong>grossior</strong></span> <span class='ocrx_word' id='word_1_167' title='bbox 913 3330 972 3395; x_wconf 88' lang='lat' dir='ltr'><strong>est,</strong></span> <span class='ocrx_word' id='word_1_168' title='bbox 990 3318 1118 3403; x_wconf 90' lang='lat' dir='ltr'><strong>impone</strong></span> <span class='ocrx_word' id='word_1_169' title='bbox 1143 3318 1260 3382; x_wconf 84' lang='lat' dir='ltr'><strong>ferrum</strong></span> <span class='ocrx_word' id='word_1_170' title='bbox 1277 3330 1376 3393; x_wconf 78' lang='lat' dir='ltr'><strong>tenue,</strong></span> <span class='ocrx_word' id='word_1_171' title='bbox 1392 3325 1421 3378; x_wconf 88' lang='lat' dir='ltr'><strong>et</strong></span> <span class='ocrx_word' id='word_1_172' title='bbox 1506 3296 1507 3391; x_wconf 69' lang='lat' dir='ltr'><strong>l</strong></span> 
     </span>
     <span class='ocr_line' id='line_1_23' title="bbox 329 3406 1507 3506; baseline -0.004 -21"><span class='ocrx_word' id='word_1_173' title='bbox 329 3424 427 3485; x_wconf 88' lang='lat' dir='ltr'><strong>latum</strong></span> <span class='ocrx_word' id='word_1_174' title='bbox 443 3421 619 3485; x_wconf 88' lang='lat' dir='ltr'><strong>secuudum</strong></span> <span class='ocrx_word' id='word_1_175' title='bbox 634 3420 877 3504; x_wconf 86' lang='lat' dir='ltr'><strong>amplitudinem</strong></span> <span class='ocrx_word' id='word_1_176' title='bbox 893 3421 1017 3498; x_wconf 81' lang='lat' dir='ltr'><strong>fistulae,</strong></span> <span class='ocrx_word' id='word_1_177' title='bbox 1034 3431 1130 3506; x_wconf 87' lang='lat' dir='ltr'><strong>atque</strong></span> <span class='ocrx_word' id='word_1_178' title='bbox 1144 3442 1217 3483; x_wconf 90' lang='lat' dir='ltr'><strong>cum</strong></span> <span class='ocrx_word' id='word_1_179' title='bbox 1234 3421 1346 3483; x_wconf 83' lang='lat' dir='ltr'><strong>malleo</strong></span> <span class='ocrx_word' id='word_1_180' title='bbox 1354 3439 1418 3504; x_wconf 86' lang='lat' dir='ltr'><strong>per·</strong></span> <span class='ocrx_word' id='word_1_181' title='bbox 1506 3406 1507 3419; x_wconf 18' lang='grc' dir='ltr'>ἶ</span> 
     </span>
     <span class='ocr_line' id='line_1_24' title="bbox 328 3522 1507 3610; baseline -0.001 -22"><span class='ocrx_word' id='word_1_182' title='bbox 328 3537 402 3588; x_wconf 89' lang='lat' dir='ltr'><strong>cute</strong></span> <span class='ocrx_word' id='word_1_183' title='bbox 429 3545 524 3610; x_wconf 89' lang='lat' dir='ltr'><strong>super</strong></span> <span class='ocrx_word' id='word_1_184' title='bbox 539 3524 696 3600; x_wconf 88' lang='lat' dir='ltr'><strong>incudem,</strong></span> <span class='ocrx_word' id='word_1_185' title='bbox 712 3522 757 3585; x_wconf 84' lang='lat' dir='ltr'><strong>ita</strong></span> <span class='ocrx_word' id='word_1_186' title='bbox 780 3531 816 3584; x_wconf 89' lang='lat' dir='ltr'><strong>ut</strong></span> <span class='ocrx_word' id='word_1_187' title='bbox 840 3522 983 3585; x_wconf 87' lang='lat' dir='ltr'><strong>foramen</strong></span> <span class='ocrx_word' id='word_1_188' title='bbox 999 3523 1141 3606; x_wconf 85' lang='lat' dir='ltr'><strong>superius</strong></span> <span class='ocrx_word' id='word_1_189' title='bbox 1165 3523 1206 3585; x_wconf 89' lang='lat' dir='ltr'><strong>sit</strong></span> <span class='ocrx_word' id='word_1_190' title='bbox 1220 3523 1370 3608; x_wconf 87' lang='lat' dir='ltr'><strong>quadrum</strong></span> <span class='ocrx_word' id='word_1_191' title='bbox 1391 3527 1419 3582; x_wconf 87' lang='lat' dir='ltr'><strong>et</strong></span> <span class='ocrx_word' id='word_1_192' title='bbox 1506 3546 1507 3587; x_wconf 62' lang='grc' dir='ltr'><strong>ὲ</strong></span> 
     </span>
     <span class='ocr_line' id='line_1_25' title="bbox 328 3623 1507 3712; baseline -0.007 -22"><span class='ocrx_word' id='word_1_193' title='bbox 328 3638 433 3704; x_wconf 88' lang='lat' dir='ltr'><strong>tenue,</strong></span> <span class='ocrx_word' id='word_1_194' title='bbox 458 3625 582 3712; x_wconf 88' lang='lat' dir='ltr'><strong>quoda</strong></span> <span class='ocrx_word' id='word_1_195' title='bbox 604 3625 689 3689; x_wconf 91' lang='lat' dir='ltr'><strong>nodo</strong></span> <span class='ocrx_word' id='word_1_196' title='bbox 705 3646 830 3687; x_wconf 90' lang='lat' dir='ltr'><strong>sursum</strong></span> <span class='ocrx_word' id='word_1_197' title='bbox 854 3647 947 3710; x_wconf 89' lang='lat' dir='ltr'><strong>super</strong></span> <span class='ocrx_word' id='word_1_198' title='bbox 962 3623 1094 3687; x_wconf 87' lang='lat' dir='ltr'><strong>calicem</strong></span> <span class='ocrx_word' id='word_1_199' title='bbox 1118 3624 1256 3688; x_wconf 87' lang='lat' dir='ltr'><strong>eminere</strong></span> <span class='ocrx_word' id='word_1_200' title='bbox 1278 3625 1377 3703; x_wconf 83' lang='lat' dir='ltr'><strong>debet,</strong></span> <span class='ocrx_word' id='word_1_201' title='bbox 1391 3628 1418 3684; x_wconf 86' lang='lat' dir='ltr'><strong>et</strong></span> <span class='ocrx_word' id='word_1_202' title='bbox 1506 3638 1507 3641; x_wconf 73' lang='grc'>’</span> 
     </span>
     <span class='ocr_line' id='line_1_26' title="bbox 328 3708 1507 3811; baseline -0.003 -21"><span class='ocrx_word' id='word_1_203' title='bbox 328 3751 382 3791; x_wconf 90' lang='lat' dir='ltr'><strong>ore</strong></span> <span class='ocrx_word' id='word_1_204' title='bbox 405 3730 515 3804; x_wconf 81' lang='lat' dir='ltr'><strong>teneri,</strong></span> <span class='ocrx_word' id='word_1_205' title='bbox 537 3727 666 3790; x_wconf 86' lang='lat' dir='ltr'><strong>inferius</strong></span> <span class='ocrx_word' id='word_1_206' title='bbox 689 3748 761 3790; x_wconf 83' lang='lat' dir='ltr'><strong>vero</strong></span> <span class='ocrx_word' id='word_1_207' title='bbox 778 3727 949 3789; x_wconf 89' lang='lat' dir='ltr'><strong>rotundum</strong></span> <span class='ocrx_word' id='word_1_208' title='bbox 965 3738 997 3789; x_wconf 89' lang='lat' dir='ltr'><strong>et</strong></span> <span class='ocrx_word' id='word_1_209' title='bbox 1017 3726 1146 3811; x_wconf 87' lang='lat' dir='ltr'><strong>gracile.</strong></span> <span class='ocrx_word' id='word_1_210' title='bbox 1192 3726 1268 3801; x_wconf 91' lang='lat' dir='ltr'><strong>Quo</strong></span> <span class='ocrx_word' id='word_1_211' title='bbox 1290 3729 1381 3805; x_wconf 87' lang='lat' dir='ltr'><strong>sacto,</strong></span> <span class='ocrx_word' id='word_1_212' title='bbox 1394 3722 1417 3786; x_wconf 88' lang='lat' dir='ltr'><strong>si</strong></span> <span class='ocrx_word' id='word_1_213' title='bbox 1506 3708 1507 3757; x_wconf 56' lang='lat'><em>³</em></span> 
     </span>
     <span class='ocr_line' id='line_1_27' title="bbox 328 3828 1417 3915; baseline -0.001 -26"><span class='ocrx_word' id='word_1_214' title='bbox 328 3828 476 3906; x_wconf 83' lang='lat' dir='ltr'><strong>volueris,</strong></span> <span class='ocrx_word' id='word_1_215' title='bbox 493 3829 613 3892; x_wconf 87' lang='lat' dir='ltr'><strong>nodum</strong></span> <span class='ocrx_word' id='word_1_216' title='bbox 629 3852 702 3892; x_wconf 89' lang='lat' dir='ltr'><strong>cum</strong></span> <span class='ocrx_word' id='word_1_217' title='bbox 717 3830 833 3913; x_wconf 86' lang='lat' dir='ltr'><strong>nigello</strong></span> <span class='ocrx_word' id='word_1_218' title='bbox 849 3830 969 3892; x_wconf 85' lang='lat' dir='ltr'><strong>variare</strong></span> <span class='ocrx_word' id='word_1_219' title='bbox 979 3828 1107 3914; x_wconf 86' lang='lat' dir='ltr'><strong>poteris,</strong></span> <span class='ocrx_word' id='word_1_220' title='bbox 1123 3837 1155 3891; x_wconf 89' lang='lat' dir='ltr'><strong>et</strong></span> <span class='ocrx_word' id='word_1_221' title='bbox 1169 3828 1325 3915; x_wconf 89' lang='lat' dir='ltr'><strong>reliquam</strong></span> <span class='ocrx_word' id='word_1_222' title='bbox 1340 3830 1417 3891; x_wconf 87' lang='lat' dir='ltr'><strong>fistu-</strong></span> 
     </span>
     <span class='ocr_line' id='line_1_28' title="bbox 328 3930 1417 4019; baseline -0.003 -27"><span class='ocrx_word' id='word_1_223' title='bbox 328 3930 392 3993; x_wconf 86' lang='lat' dir='ltr'><strong>lam</strong></span> <span class='ocrx_word' id='word_1_224' title='bbox 409 3931 519 3994; x_wconf 88' lang='lat' dir='ltr'><strong>ordine</strong></span> <span class='ocrx_word' id='word_1_225' title='bbox 531 3955 595 4018; x_wconf 89' lang='lat' dir='ltr'><strong>quo</strong></span> <span class='ocrx_word' id='word_1_226' title='bbox 612 3955 707 4019; x_wconf 88' lang='lat' dir='ltr'><strong>supra</strong></span> <span class='ocrx_word' id='word_1_227' title='bbox 722 3932 901 3997; x_wconf 71' lang='lat' dir='ltr'><strong>deaurabis,</strong></span> <span class='ocrx_word' id='word_1_228' title='bbox 947 3933 1018 3995; x_wconf 88' lang='lat' dir='ltr'><strong>Hoc</strong></span> <span class='ocrx_word' id='word_1_229' title='bbox 1034 3932 1164 3996; x_wconf 88' lang='lat' dir='ltr'><strong>omuino</strong></span> <span class='ocrx_word' id='word_1_230' title='bbox 1186 3953 1275 4012; x_wconf 85' lang='lat' dir='ltr'><strong>cave,</strong></span> <span class='ocrx_word' id='word_1_231' title='bbox 1286 3943 1321 3996; x_wconf 88' lang='lat' dir='ltr'><strong>ut</strong></span> <span class='ocrx_word' id='word_1_232' title='bbox 1334 3949 1417 3995; x_wconf 84' lang='lat' dir='ltr'><strong>omne</strong></span> 
     </span>
     <span class='ocr_line' id='line_1_29' title="bbox 329 4028 1415 4122; baseline -0.003 -28"><span class='ocrx_word' id='word_1_233' title='bbox 329 4041 496 4118; x_wconf 83' lang='lat' dir='ltr'><strong>argentum</strong></span> <span class='ocrx_word' id='word_1_234' title='bbox 514 4035 651 4119; x_wconf 91' lang='lat' dir='ltr'><strong>spissum</strong></span> <span class='ocrx_word' id='word_1_235' title='bbox 667 4036 754 4121; x_wconf 86' lang='lat' dir='ltr'><strong>quod</strong></span> <span class='ocrx_word' id='word_1_236' title='bbox 770 4036 921 4098; x_wconf 83' lang='lat' dir='ltr'><strong>deaurare</strong></span> <span class='ocrx_word' id='word_1_237' title='bbox 936 4034 1083 4113; x_wconf 85' lang='lat' dir='ltr'><strong>volueris,</strong></span> <span class='ocrx_word' id='word_1_238' title='bbox 1101 4034 1216 4098; x_wconf 90' lang='lat' dir='ltr'><strong>sivein</strong></span> <span class='ocrx_word' id='word_1_239' title='bbox 1232 4035 1360 4122; x_wconf 85' lang='lat' dir='ltr'><strong>scypho,</strong></span> <span class='ocrx_word' id='word_1_240' title='bbox 1374 4028 1415 4092; x_wconf 84' lang='lat' dir='ltr'><strong>vel</strong></span> 
     </span>
     <span class='ocr_line' id='line_1_30' title="bbox 327 4132 1414 4223; baseline -0.004 -25"><span class='ocrx_word' id='word_1_241' title='bbox 327 4134 460 4198; x_wconf 68' lang='lat' dir='ltr'><strong>scutellis</strong></span> <span class='ocrx_word' id='word_1_242' title='bbox 475 4147 530 4198; x_wconf 88' lang='lat' dir='ltr'><strong>aut</strong></span> <span class='ocrx_word' id='word_1_243' title='bbox 553 4137 702 4222; x_wconf 70' lang='lat' dir='ltr'><strong>ompulit,</strong></span> <span class='ocrx_word' id='word_1_244' title='bbox 731 4137 852 4200; x_wconf 88' lang='lat' dir='ltr'><strong>fortiter</strong></span> <span class='ocrx_word' id='word_1_245' title='bbox 871 4136 976 4215; x_wconf 86' lang='lat' dir='ltr'><strong>radas,</strong></span> <span class='ocrx_word' id='word_1_246' title='bbox 994 4136 1070 4223; x_wconf 90' lang='lat' dir='ltr'><strong>quia</strong></span> <span class='ocrx_word' id='word_1_247' title='bbox 1096 4136 1128 4199; x_wconf 89' lang='lat' dir='ltr'><strong>in</strong></span> <span class='ocrx_word' id='word_1_248' title='bbox 1156 4137 1357 4221; x_wconf 85' lang='lat' dir='ltr'><strong>percutiendo</strong></span> <span class='ocrx_word' id='word_1_249' title='bbox 1378 4132 1414 4195; x_wconf 91' lang='lat' dir='ltr'><strong>ab</strong></span> 
     </span>
     <span class='ocr_line' id='line_1_31' title="bbox 329 4234 1414 4323; baseline -0.001 -24"><span class='ocrx_word' id='word_1_250' title='bbox 329 4239 402 4323; x_wconf 81' lang='lat' dir='ltr'><strong>igue</strong></span> <span class='ocrx_word' id='word_1_251' title='bbox 418 4250 450 4301; x_wconf 89' lang='lat' dir='ltr'><strong>et</strong></span> <span class='ocrx_word' id='word_1_252' title='bbox 475 4241 589 4302; x_wconf 85' lang='lat' dir='ltr'><strong>malleo</strong></span> <span class='ocrx_word' id='word_1_253' title='bbox 605 4249 710 4303; x_wconf 87' lang='lat' dir='ltr'><strong>cutem</strong></span> <span class='ocrx_word' id='word_1_254' title='bbox 731 4262 770 4303; x_wconf 85' lang='lat' dir='ltr'><strong>ex</strong></span> <span class='ocrx_word' id='word_1_255' title='bbox 794 4261 828 4302; x_wconf 91' lang='lat' dir='ltr'><strong>se</strong></span> <span class='ocrx_word' id='word_1_256' title='bbox 852 4239 960 4317; x_wconf 86' lang='lat' dir='ltr'><strong>trahit,</strong></span> <span class='ocrx_word' id='word_1_257' title='bbox 977 4239 1085 4323; x_wconf 85' lang='lat' dir='ltr'><strong>quaesi</strong></span> <span class='ocrx_word' id='word_1_258' title='bbox 1109 4238 1224 4301; x_wconf 86' lang='lat' dir='ltr'><strong>abrasa</strong></span> <span class='ocrx_word' id='word_1_259' title='bbox 1247 4261 1310 4302; x_wconf 89' lang='lat' dir='ltr'><strong>non</strong></span> <span class='ocrx_word' id='word_1_260' title='bbox 1326 4234 1414 4309; x_wconf 74' lang='lat' dir='ltr'><strong>fuerit,</strong></span> 
     </span>
    </p>
   </div>
   <div class='ocr_carea' id='block_1_6' title="bbox 0 0 1514 5170">
    <p class='ocr_par' dir='ltr' id='par_1_6' title="bbox 0 0 1514 5170">
     <span class='ocr_line' id='line_1_32' title="bbox 0 0 1514 5170; baseline 0 4"><span class='ocrx_word' id='word_1_261' title='bbox 0 0 1514 5170; x_wconf 95' lang='lat' dir='ltr'><strong> </strong></span> 
     </span>
    </p>
   </div>
  </div>
 </body>
</html>
