3166 5190
304 582 369 645 ⁰206
575 603 750 646 asenneus
774 605 810 647 ru
836 603 968 647 ninauu
991 602 1156 647 unaarum.

300 758 417 837 rietes,
436 766 490 826 est
508 757 665 849 paradysi
692 758 847 850 species;
873 757 900 826 si
925 756 1067 828 luminis
1090 757 1339 827 abundantiam
1358 780 1400 826 ex

301 872 463 942 fenestris
482 873 649 953 intuetur,
668 872 940 944 inestimabilem
958 873 1037 941 vitri
1054 873 1217 943 decorem
1235 881 1273 944 et
1291 874 1402 965 operis

299 988 544 1080 pretiosissimi
563 989 770 1060 varietatem
789 991 948 1060 miratur.
1003 989 1106 1072 Quod
1124 992 1153 1059 si
1171 987 1263 1061 forte
1281 988 1403 1058 Domi·

299 1104 385 1175 nica
413 1104 587 1175 Passionis
613 1104 766 1198 effigiem
799 1104 1015 1176 liniamentis
1042 1128 1244 1199 expressam
1270 1107 1403 1198 conspi-

300 1230 401 1291 catur
417 1220 531 1291 fidelis
547 1222 675 1303 anima,
701 1222 972 1315 compungitur3
999 1223 1028 1293 si
1051 1232 1182 1315 quanta
1197 1223 1311 1293 sancti
1328 1245 1403 1314 per·

300 1336 448 1406 tulerint
472 1336 509 1405 in
536 1338 607 1407 suis
634 1338 836 1431 corporibus
862 1339 1084 1420 cruciamina,
1103 1346 1306 1429 quantaque
1324 1339 1403 1407 vita

300 1462 437 1522 ntemae
462 1454 687 1546 perceperint
712 1454 856 1545 praemia
873 1455 1056 1547 conspicit,
1074 1454 1154 1523 vitae
1171 1452 1327 1524 melioris
1345 1454 1404 1523 ob·

299 1570 511 1639 servantiam
541 1570 687 1661 arripit3
721 1570 750 1639 si
785 1579 918 1661 quauta
950 1580 1035 1640 suut
1069 1570 1106 1638 in
1135 1568 1232 1639 coelis
1265 1569 1403 1661 gaudia,

301 1693 501 1775 quantaque
529 1687 565 1755 in
594 1685 755 1755 tartareis
786 1685 936 1756 flammis
967 1687 1205 1756 cruciamenta
1234 1685 1403 1767 intuetur,

301 1823 363 1892 spe
381 1800 425 1870 de
443 1802 542 1871 bonis
561 1800 651 1871 suis¹
672 1804 857 1884 animatur,
874 1811 911 1872 et
929 1802 974 1872 de
990 1810 1215 1895 peccatorum
1230 1801 1404 1871 consider-

302 1917 420 1986 atione
437 1917 626 1988 formidine
643 1920 854 1987 concutitur.

355 2211 433 2303 Age
460 2231 544 2302 ergo
571 2231 675 2290 nuno,
694 2210 746 2277 vir
772 2208 873 2290 boue,
893 2209 979 2279 felix
1006 2209 1100 2302 apud
1128 2207 1248 2278 Deum
1277 2218 1315 2279 et
1345 2209 1407 2279 ho-

302 2329 416 2397 mines
446 2325 483 2394 iu
510 2323 576 2394 hac
607 2325 689 2406 vita,
720 2322 856 2394 felicior
881 2325 916 2393 in
944 2324 1071 2407 futura,
1095 2328 1195 2419 cujus
1219 2324 1339 2395 labore
1370 2336 1408 2396 et

302 2443 421 2513 studio
439 2439 520 2511 Deo
534 2449 588 2510 tot
603 2440 818 2510 exhibentur
834 2439 1047 2522 holocausta,
1061 2440 1220 2533 ampliori
1240 2441 1408 2534 deinceps

302 2558 494 2629 accendere
525 2552 749 2637 sollertiae
779 2578 856 2646 quae
875 2555 989 2625 adhuc
1016 2556 1142 2626 desunt
1169 2558 1205 2626 in
1231 2557 1409 2627 utensiliis

304 2675 429 2744 domus
456 2672 612 2755 Domini,
638 2674 683 2744 ad
716 2672 932 2764 explendum
956 2672 1148 2765 aggredere
1170 2681 1249 2742 toto
1274 2674 1409 2743 mentis

304 2789 500 2870 conamine,
535 2790 610 2860 sine
641 2789 768 2880 quibus
797 2788 916 2858 divina
946 2788 1113 2881 mysteria
1142 2797 1179 2857 et
1210 2786 1408 2858 officiorum

303 2905 498 2975 ministeria
527 2927 598 2975 non
633 2904 752 2976 valent
783 2904 983 2974 consistere.
1036 2903 1129 2974 Sunt
1157 2912 1278 2974 autem
1310 2902 1406 2975 haec:

305 3020 450 3103 Calices,
469 3018 696 3103 Candelabra,
723 3018 926 3100 Thuribula,
948 3019 1135 3112 Ampullae,
1164 3017 1281 3100 Ureei,
1307 3042 1408 3088 sanc-

304 3144 422 3205 torum
440 3137 624 3229 pignerum
638 3134 783 3217 Scrinia,
796 3133 935 3215 Cruces,
954 3133 1117 3203 Planasia
1130 3143 1167 3203 et
1178 3142 1314 3216 cratera,
1328 3157 1406 3225 quae

305 3251 340 3320 in
359 3273 461 3321 usum
480 3250 707 3322 aeclesiastici
725 3251 855 3320 ordinis
873 3250 986 3342 poscit
1003 3249 1137 3319 utilitas
1156 3250 1358 3320 necessaria.

356 3366 443 3450 Quae
460 3368 489 3439 si
506 3368 557 3439 vis
571 3390 793 3461 componere,
810 3367 878 3436 hoc
896 3365 1040 3459 incipias
1057 3366 1190 3435 ordine.

426 3580 434 3614 ¹
457 3588 476 3616 ‘⁴
487 3579 612 3639 Actibus
624 3580 641 3605 ”
656 3579 845 3658 interponitur
859 3580 889 3637 in
904 3577 1008 3637 Codice
1025 3577 1285 3658 Guelpltrrbytano.

664 3985 820 4029 EXPLICIT
844 3985 1029 4030 PROLOGUS.
