3096 5168
672 550 860 593 TllEOPlllLl
887 551 989 594 LIBER
1015 551 1037 593 1.

634 834 858 932 CAPUT
914 833 1070 930 XXX.

316 1042 358 1084 DE
375 1042 540 1087 MOLENDO
555 1042 646 1089 AURO
663 1045 700 1088 IN
717 1045 841 1104 mutus,
858 1044 899 1086 m·
915 1043 961 1087 DE
978 1042 1164 1087 sunmmnn
1181 1041 1400 1085 MOLENDINO.

385 1181 455 1244 UM
474 1182 660 1267 pertraxeris
675 1182 829 1268 imagines
845 1183 893 1245 vel
909 1182 1031 1246 litteras
1045 1183 1078 1245 in
1093 1180 1190 1259 libris,
1205 1181 1279 1244 tolle
1295 1203 1409 1244 aurum

398 1308 509 1371 pumm
537 1295 569 1348 et
593 1286 667 1349 lima
691 1283 767 1349 illud
794 1283 1002 1348 minutissime
1031 1284 1064 1347 in
1087 1283 1294 1346 mundissima
1316 1284 1410 1367 pelvi,

312 1387 378 1449 sive
393 1387 534 1465 baccina,
550 1388 658 1474 sicque
686 1388 806 1451 lavabis
822 1386 896 1449 illud
913 1409 986 1449 cum
1003 1370 1138 1471 pincello
1153 1385 1185 1447 in
1209 1384 1332 1448 concha
1347 1394 1410 1447 tes·

312 1490 429 1553 tudinis
446 1492 492 1554 vel
521 1491 677 1568 conchilii,
701 1512 772 1575 quaa
791 1490 831 1552 de
855 1510 939 1574 aqua
962 1488 1089 1551 tollitur.
1135 1487 1262 1551 Deinde
1288 1488 1409 1552 habens

314 1592 528 1655 molendinum
558 1613 631 1655 cum
663 1591 782 1677 pistillo
812 1613 882 1669 suo,
917 1599 1051 1676 utraque
1073 1588 1179 1652 fusilia
1208 1609 1249 1651 ex
1279 1589 1409 1652 metallo

313 1692 399 1778 cupri
422 1702 455 1755 et
476 1694 579 1779 stagni
602 1696 645 1757 ita
667 1694 852 1772 commixto,
872 1701 906 1755 ut
929 1702 992 1755 tres
1015 1700 1120 1776 partes
1143 1689 1208 1753 sint
1228 1691 1317 1775 cupri
1340 1690 1408 1775 puri

313 1804 345 1856 ct
369 1804 482 1878 quarta
506 1796 609 1880 stagni
641 1796 709 1881 puri
737 1796 917 1879 aplurnbo.
964 1793 1024 1856 His
1051 1792 1096 1855 ita
1121 1792 1309 1876 compositis
1338 1793 1409 1854 fun-

313 1898 406 1959 datur
431 1897 645 1961 molendinum
670 1898 711 1960 ad
736 1896 973 1960 similitudinem
998 1892 1182 1973 mortarioli,
1203 1903 1235 1956 et
1260 1893 1409 1979 pistillum

313 1999 381 2083 ejus
404 1998 487 2061 circa
512 1999 626 2062 ferrum
651 1999 742 2085 quasi
770 1998 883 2076 nodus,
900 1998 943 2060 ita
967 2006 1002 2059 ut
1024 1997 1140 2059 ferrum
1163 1995 1235 2058 inde
1257 1998 1410 2081 procedat

313 2100 525 2184 grossitudine
541 2102 633 2164 unius
649 2100 750 2185 digiti,
766 2108 798 2163 et
815 2100 1010 2185 longitudine
1032 2097 1156 2161 modice
1170 2098 1306 2182 amplius
1321 2098 1409 2184 pedis

313 2203 452 2282 dimidii3
477 2205 566 2289 cujus
583 2204 654 2267 ferri
678 2202 769 2266 tertia
791 2223 864 2287 pars
886 2202 1037 2287 infigatur
1051 2201 1138 2286 ligno
1160 2200 1327 2285 diligenter
1348 2209 1408 2263 tor-

315 2315 389 2369 nato
404 2307 444 2369 ad
469 2307 696 2392 longitudinem
712 2304 801 2390 quasi
825 2304 920 2366 unius
944 2304 1037 2382 ulnae,
1052 2313 1085 2366 et
1107 2303 1280 2365 rectissime
1296 2303 1407 2380 forato,

311 2408 345 2469 iu
361 2409 451 2494 cnjus
467 2407 604 2471 inferiori
619 2417 707 2493 parte
722 2416 828 2470 tamen
844 2427 864 2469 a
878 2406 941 2468 fine
957 2405 1153 2491 longitudine
1175 2414 1314 2490 quatuor
1327 2404 1407 2489 digi-

313 2520 429 2589 torum,
443 2509 484 2573 sit
508 2511 612 2573 rotula
636 2510 701 2572 sive
725 2510 832 2595 lignea
856 2507 922 2572 sive
949 2508 1097 2594 plumbea
1126 2506 1295 2585 tornatilis,
1319 2515 1353 2571 et
1377 2506 1409 2568 in

313 2612 417 2675 media
443 2619 531 2695 parte
555 2610 705 2695 superiori
728 2612 844 2697 figatur
858 2609 994 2695 corrigia
1008 2609 1073 2695 qud
1094 2608 1177 2673 trahi
1198 2617 1231 2673 et
1252 2608 1408 2672 volvendo

315 2712 429 2777 retrahi
445 2712 555 2797 possit.
602 2710 751 2775 Posthaec
768 2714 911 2776 mittatur
925 2712 1027 2798 ipsum
1047 2710 1269 2775 molendinum
1279 2710 1312 2773 in
1328 2710 1409 2775 lora·

314 2836 388 2877 men
403 2835 496 2899 super
520 2834 685 2877 scamnum
700 2813 742 2877 ad
758 2814 819 2879 hoc
842 2824 986 2901 aptatum
1001 2814 1080 2880 inter
1102 2814 1181 2877 duas
1204 2812 1409 2876 columnellas

312 2918 435 3003 ligneas
459 2916 491 2979 in
520 2915 589 3000 ipso
612 2938 742 2980 scamno
768 2918 897 2981 tirmiter
922 2918 1014 2995 fixas,
1040 2938 1133 3003 super
1154 2937 1235 3001 quas
1260 2916 1303 2979 sit
1324 2913 1408 2978 aliud
1490 3002 1493 3007 ⁶

313 3021 434 3107 lignum
450 3018 495 3082 eis
508 3017 670 3099 insertum,
680 3020 765 3105 quod
782 3021 883 3106 possit
898 3019 969 3105 ejici
984 3030 1016 3083 et
1030 3019 1149 3104 reponi,
1159 3018 1191 3081 in
1201 3018 1291 3104 cujus
1304 3016 1408 3080 medio

316 3121 446 3185 inferius
477 3120 518 3184 sit
547 3119 690 3185 foramen
720 3123 751 3184 in
781 3144 845 3208 quo
873 3123 1018 3185 volvatur
1047 3120 1196 3206 pistillum
1227 3105 1408 3183 molendini.

316 3221 376 3286 His
391 3222 433 3287 ita
449 3223 607 3309 dispositis
624 3224 766 3288 mittatur
789 3246 899 3288 aurum
914 3224 1082 3309 diligenter
1096 3231 1263 3309 purgatum
1286 3221 1319 3284 iu
1341 3244 1410 3285 mo-

314 3325 485 3405 lendinum,
515 3324 626 3391 addita
655 3327 782 3391 modica
810 3326 905 3412 aqud,
935 3335 968 3390 et
996 3325 1146 3411 imposito
1174 3324 1291 3410 pistillo
1313 3332 1409 3411 atque

314 3429 464 3515 superiori
477 3428 563 3515 ligno
572 3437 720 3514 coaptato
729 3428 871 3493 trahatur
881 3428 1017 3514 corrigia
1027 3426 1184 3492 etrerolvi
1200 3425 1409 3512 permittatur,

314 3552 500 3618 rursumque
514 3531 657 3595 trahatur
671 3540 704 3594 et
717 3532 829 3594 iterum
852 3532 1040 3608 revolvatur,
1056 3530 1164 3616 sicque
1186 3528 1244 3592 fiat
1257 3550 1314 3614 per
1329 3530 1410 3594 duas

314 3634 361 3696 vel
378 3655 433 3718 per
447 3642 511 3697 tres
521 3632 627 3697 horas.
671 3632 760 3696 'l’uuc
784 3632 927 3719 superius
943 3633 1065 3719 lignum
1088 3632 1239 3718 ejiciatur,
1255 3640 1288 3694 et
1310 3632 1410 3716 pistil-

311 3735 379 3797 lum
390 3735 424 3798 iu
435 3735 546 3799 eadem
556 3755 640 3821 aqua
650 3756 723 3798 cum
733 3735 869 3820 pincello
877 3735 1007 3799 lavetur.
1054 3733 1180 3797 Deinde
1191 3732 1409 3798 molendinum

314 3836 462 3915 elevetur,
478 3845 510 3900 et
534 3857 644 3899 aurum
664 3859 737 3902 cum
749 3859 834 3924 aqua
847 3859 947 3923 usque
973 3836 1014 3900 ad
1028 3837 1160 3900 lundam
1183 3857 1257 3899 cum
1271 3835 1409 3920 pincello

315 3944 478 3999 moveatur
493 3944 525 4000 et
536 3936 659 4001 modice
673 3946 826 4017 teneatur,
836 3939 939 4002 donec
949 3939 1034 4026 quod
1044 3937 1183 4024 grossius
1193 3945 1242 3999 est
1252 3936 1408 4017 resideat3

313 4058 453 4123 moxque
468 4058 551 4124 aqua
565 4037 599 4101 in
621 4040 861 4105 mundissimam
876 4040 1043 4104 baccinum
1060 4038 1251 4118 effundatur,
1267 4048 1299 4100 et
1320 4036 1408 4123 quic·

313 4139 390 4226 quid
411 4140 478 4204 auri
503 4163 575 4205 cum
601 4163 685 4228 aqua
708 4143 830 4224 exierit,
849 4143 993 4207 molitum
1019 4150 1078 4206 est.
1124 4140 1327 4225 Rursumque
1349 4139 1407 4202 im·

314 4241 418 4328 posita
447 4244 543 4331 aqua,
570 4245 775 4331 repositisque
805 4245 923 4332 pistillo
951 4254 983 4309 et
1012 4265 1137 4308 sursum
1166 4243 1266 4328 ligno,
1296 4243 1405 4305 itemm
