3090 5174
346 503 410 563 390
702 521 893 566 rusorurnr
920 522 1025 566 arnna
1047 525 1100 566 ιιι.

345 673 438 735 iidem
454 673 572 756 lapides
593 684 688 759 atque
709 674 877 758 poliuntur.
922 673 1097 749 iacinctus,
1113 676 1168 761 qui
1184 675 1291 740 durior
1303 687 1360 754 est,
1375 676 1430 740 hoc

344 774 441 836 modo
456 774 579 858 politur.
627 775 685 838 Est
708 776 787 859 lapis
805 777 858 861 qni
878 775 993 839 dicitur
1014 776 1137 839 ismaris
1154 776 1209 863 qui
1224 778 1430 841 comminutus

344 874 444 938 donec
468 877 508 939 sit
527 878 608 940 sicut
630 878 786 956 sabulum,
810 877 999 964 poniturque
1019 900 1114 963 super
1132 900 1284 963 cupream
1298 880 1433 944 tabulam

343 979 496 1062 aequalem
513 980 596 1065 aqua
611 980 737 1055 mixtus,
753 989 786 1042 et
800 979 935 1064 desuper
946 979 1106 1066 jacinctus
1121 980 1267 1045 fricando
1278 982 1432 1046 formatur.

347 1079 464 1143 Lotura
479 1085 552 1146 verb
570 1104 641 1167 quoe
659 1081 733 1145 inde
753 1082 823 1144 fluit
844 1081 1011 1167 diligenter
1031 1084 1065 1145 in
1080 1083 1162 1168 pelvi
1179 1083 1298 1147 munda
1312 1082 1434 1167 suscipi·

345 1193 424 1259 atur,
442 1193 475 1246 et
495 1206 567 1246 cnm
590 1185 713 1247 steterit
736 1206 790 1268 per
813 1192 950 1259 noctem,
969 1185 1114 1271 sequenti
1131 1185 1184 1250 die
1205 1207 1292 1272 aqua
1314 1184 1431 1270 penitus

344 1282 495 1367 ejiciatur,
516 1297 548 1349 et
570 1287 670 1371 pulvis
690 1287 835 1365 siccetur,
858 1286 913 1372 qui
933 1295 1043 1369 postca
1061 1307 1154 1371 super
1174 1287 1318 1351 tabulam
1335 1307 1431 1372 aequa-

345 1385 406 1448 iem
421 1387 461 1449 de
477 1388 540 1451 tilia
560 1389 658 1452 saliva
677 1387 823 1451 humidus
845 1396 992 1473 ponatur,
1013 1396 1109 1473 atque
1129 1389 1266 1475 desuper
1282 1389 1431 1474 jacinctus

343 1488 488 1571 poliatur.
534 1490 670 1576 Lapides
685 1512 811 1577 quoque
826 1490 938 1554 eodem
954 1491 1051 1554 modo
1062 1491 1151 1555 vitrei
1166 1491 1252 1578 quod
1268 1490 1429 1556 cristallum

345 1588 494 1655 fricantur
509 1603 541 1655 et
557 1594 725 1678 poliuntur.

665 2285 901 2383 CAPUT
958 2284 1111 2382 XCV.

748 2524 794 2566 DE
818 2522 1039 2567 maneamus.

445 2686 694 2753 ARGARITAE
708 2686 910 2750 inveniuntur
918 2687 953 2751 in
968 2684 1098 2751 conchis
1114 2685 1244 2749 marinis
1258 2692 1292 2750 et
1306 2685 1427 2749 aliorum

486 2791 671 2870 fluminum
709 2812 780 2876 quae
812 2788 1010 2874 perforantur
1041 2787 1148 2852 subtili
1178 2786 1262 2851 ferro
1293 2787 1429 2863 cabbato,

342 2893 429 2979 quod
449 2894 582 2957 infixum
601 2893 642 2956 sit
661 2892 746 2978 ligno
768 2888 898 2955 habenti
920 2889 1054 2953 rotulam
1074 2888 1194 2976 plumbi
1217 2889 1388 2974 parvulam,
1401 2897 1429 2951 et

342 2994 474 3057 alterum
489 2996 610 3080 lignum
632 2997 666 3057 in
685 3016 749 3081 quo
764 2994 919 3069 volvatur,
940 2991 991 3054 cui
1012 2990 1054 3055 eit
1071 2990 1208 3076 inposita
1229 2989 1362 3076 corrigia
1380 3011 1430 3075 per

343 3116 439 3181 qnam
454 3095 716 3159 circumducatur.
758 3093 856 3170 Quod
871 3094 898 3158 si
913 3115 993 3179 opus
1008 3093 1049 3157 sit
1062 3102 1099 3156 ut
1113 3093 1245 3179 alicujus
1260 3093 1429 3179 margarita

343 3196 485 3260 foramen
501 3198 604 3283 majus
623 3199 691 3276 fiat,
707 3198 793 3260 filum
809 3218 882 3260 curn
903 3194 1030 3259 modico
1049 3194 1155 3258 subtili
1167 3194 1278 3259 sabulo
1293 3191 1428 3259 foramini

343 3303 522 3388 inponatur,
546 3302 636 3387 cujus
655 3298 890 3401 fili-summitas
916 3316 981 3394 una
1006 3294 1164 3374 dentibus,
1190 3293 1288 3358 nitere
1312 3292 1429 3358 sinistri

344 3428 441 3469 manu
470 3412 623 3484 teneatur,
649 3399 842 3486 dextereque
872 3419 997 3463 sursum
1026 3418 1064 3462 ac
1093 3397 1242 3461 deorsum
1267 3396 1428 3483 margarita

343 3508 486 3587 ducatur,
501 3507 688 3593 interimque
702 3503 847 3569 sabulum
862 3510 899 3565 ut
912 3500 1055 3566 foramen
1069 3498 1164 3563 latius
1178 3499 1236 3562 fiat
1250 3507 1426 3585 apponatur.

343 3611 497 3674 Secuntur
520 3610 615 3674 etiam
631 3605 783 3672 choncbae
799 3604 929 3668 marium
952 3622 1010 3688 per
1030 3610 1135 3687 partes
1150 3610 1183 3664 et
1197 3600 1271 3664 inde
1286 3601 1427 3665 limantur

344 3712 548 3797 ¹margaritae,
563 3711 596 3774 in
611 3731 687 3775 auro
702 3707 778 3772 satis
792 3706 895 3785 utiles,
910 3704 1133 3792 poliunturque
1148 3711 1305 3789 utsupra.

833 3876 841 3905 ¹
858 3875 941 3938 quasit
