3096 5168
690 547 879 591 rusorum
905 547 1008 591 mmm
1031 548 1053 591 1,

598 812 828 910 CAPUT
885 813 1151 910 XXXHL

448 1027 494 1074 ΒΕ
517 1034 605 1079 oum
627 1035 765 1079 OENERE
787 1034 948 1079 dubanus
972 1035 1009 1077 IN
1032 1034 1180 1079 PICTURA
1203 1032 1300 1076 sum.

390 1176 403 1239 1
421 1184 558 1249 vesicam
571 1210 636 1250 non
651 1185 808 1263 habueris,
824 1206 1051 1270 pergamenum
1062 1184 1149 1249 vituli
1158 1184 1297 1270 spissum
1309 1181 1425 1246 eodem
1536 1226 1537 1235 2

402 1288 499 1351 modo
522 1288 637 1368 incide,
657 1289 740 1367 lava,
764 1297 797 1351 et
817 1309 929 1373 coque.
976 1286 1098 1350 Follem
1124 1309 1251 1373 quoque
1274 1286 1425 1371 anguillae
1536 1330 1537 1335 η

327 1386 565 1472 diligentissime
592 1412 708 1468 rasum,
724 1389 857 1454 incisum
881 1399 914 1452 et
937 1389 1037 1454 lotum
1061 1389 1174 1453 eodem
1192 1388 1291 1451 modo
1311 1408 1424 1472 cuque.
1536 1396 1537 1399 ’

328 1489 413 1553 Ossa
439 1515 566 1579 quoque
590 1493 702 1578 capitis
729 1492 793 1577 lupi
810 1492 904 1576 piscis
928 1491 983 1555 loti
1008 1491 1094 1570 sicci,
1109 1491 1277 1576 diiigenter
1299 1490 1369 1554 lota
1393 1489 1424 1551 iu

328 1593 431 1657 calida
443 1617 526 1680 aqua
537 1605 594 1674 ter,
607 1597 651 1658 ita
665 1617 777 1680 coque.
824 1593 1054 1679 Quelecunque
1070 1594 1182 1657 borum
1195 1593 1333 1672 coxeris,
1342 1593 1425 1656 adde

328 1695 357 1757 ci
372 1696 497 1758 tertiam
521 1707 642 1782 partem
667 1695 789 1783 gummi
815 1695 1007 1775 lucidissimi,
1025 1706 1057 1760 et
1080 1696 1205 1760 modice
1225 1717 1340 1781 coque,
1356 1703 1425 1780 pot·

328 1796 452 1882 erisque
468 1820 592 1862 servare
606 1797 758 1884 quamdiu
774 1799 920 1862 volueris.

609 2203 837 2302 CAPUT
893 2202 1140 2301 XXXIU

466 2426 638 2477 QUOMODO
660 2425 809 2471 comens
833 2425 869 2469 IN
893 2426 1007 2470 metus
1028 2423 1294 2471 unumunurm.

333 2572 462 2722 HIS
478 2576 522 2639 ita
533 2576 667 2661 peractis
678 2578 728 2641 fac
743 2585 1027 2664 temperamentum
1039 2599 1078 2640 ex
1094 2573 1216 2662 gummi
1230 2571 1425 2637 lucidissimo

434 2686 467 2740 et
481 2698 566 2762 aqua
582 2678 664 2741 sicut
678 2701 783 2765 supra,
799 2688 832 2743 et
852 2688 995 2766 tempera
1013 2700 1124 2743 omnes
1140 2677 1274 2751 colores,
1290 2684 1425 2761 excepto

329 2780 432 2859 viridi,
455 2789 488 2844 et
518 2802 638 2858 cerusa,
668 2788 701 2843 et
729 2780 838 2863 minio,
854 2791 887 2845 et
910 2782 1040 2846 carmin.
1085 2780 1195 2843 Viride
1217 2779 1338 2842 salsum
1361 2799 1425 2842 non

329 2884 414 2948 valet
428 2884 460 2946 in
474 2881 565 2946 libro.
609 2881 719 2946 Viride
733 2882 942 2970 Hispanicum
954 2883 1145 2970 temperabis
1160 2884 1235 2946 vino
1249 2903 1341 2968 puro,
1357 2880 1425 2946 etsi

330 2986 464 3051 volueris
488 2985 618 3049 umbras
641 2985 754 3064 facere,
780 2986 863 3050 adde
889 2986 1050 3051 modicum
1076 3007 1187 3051 sucum
1209 2984 1348 3073 gladioli,
1377 2984 1425 3048 vel

330 3088 413 3153 cauli
428 3089 478 3152 vel
502 3087 596 3174 porri.
643 3087 782 3152 Minium
808 3097 841 3153 et
866 3110 1010 3154 cerosam
1036 3097 1068 3153 et
1091 3088 1212 3153 carmin
1233 3086 1425 3173 temperabis

329 3192 425 3256 clam.
471 3189 594 3255 Omnes
617 3191 770 3255 mixturas
785 3191 938 3270 colorum,
954 3191 981 3254 si
996 3190 1169 3276 indigueris
1183 3189 1224 3252 ad
1247 3189 1424 3275 pingendas

330 3295 495 3381 imagines,
518 3316 676 3379 compone
702 3295 735 3356 in
759 3292 842 3357 libro
867 3301 904 3356 ut
930 3314 1036 3378 supra.
1081 3291 1203 3355 Omnes
1227 3291 1350 3356 colores
1378 3291 1424 3355 bis

330 3398 467 3485 ponendi
482 3406 558 3462 sunt
571 3397 604 3461 in
615 3396 706 3474 libro,
718 3395 751 3458 in
766 3394 874 3481 pn'mis
886 3395 1080 3476 tenuissime,
1096 3393 1210 3459 deinde
1222 3394 1355 3481 spissius
1360 3419 1370 3473 ;
1392 3393 1423 3456 in

329 3503 426 3567 literis
441 3523 515 3567 vero
531 3501 637 3565 semel.

630 3886 859 3985 CAPUT
916 3885 1122 3985 XXXU

492 4110 538 4153 DE
561 4110 756 4155 annuamus
780 4111 820 4153 ET
843 4109 1135 4154 Tnurnnsunwrls
1159 4106 1262 4153 som.

332 4260 503 4415 FOLII
520 4263 579 4326 tria
599 4274 673 4326 sunt
693 4283 819 4349 genera,
839 4283 938 4325 unum
959 4261 1101 4341 rubeum,
1117 4259 1201 4324 aliud
1222 4280 1420 4345 purpureum,

407 4364 531 4430 tertium
547 4365 735 4451 saphireum,
751 4388 821 4452 quae
837 4365 882 4429 sic
902 4363 1103 4450 temperabis.
1147 4362 1236 4427 Tolle
1257 4362 1378 4426 cineres
1392 4368 1421 4422 et

330 4469 432 4534 cribra
456 4491 510 4535 eos
527 4492 581 4555 pcr
605 4491 755 4555 pannum,
771 4477 802 4531 et
826 4467 1018 4552 perfundens
1041 4488 1096 4530 eos
1120 4464 1204 4550 aqud
1228 4463 1353 4549 frigidis,
1374 4462 1419 4525 fac
