3090 5174
695 503 887 548 nanceium
912 505 1016 550 LIBER
1037 506 1091 550 111.

591 930 824 1028 CAPUT
882 931 1177 1028 LXXXVI.

635 1173 680 1216 DE
703 1173 867 1217 MENSURA
891 1175 1143 1219 ctunnnotwm.

421 1350 450 1411 U
457 1350 568 1415 {CUN
571 1354 668 1428 QUE
690 1356 756 1417 vult
781 1356 884 1419 facere
905 1358 1053 1442 cymbala
1074 1357 1114 1420 ad
1135 1356 1332 1421 cantandum
1356 1361 1434 1417 recte

439 1456 594 1533 sonantia,
617 1457 657 1518 ad
685 1459 934 1544 unumquodque
955 1459 1052 1522 debet
1073 1480 1178 1522 ceram
1208 1457 1351 1521 dividere
1366 1475 1433 1518 cum

337 1555 484 1640 pondere,
514 1567 545 1618 ct
569 1580 587 1620 a
614 1559 826 1642 superioribus
857 1561 986 1646 incipiat
1014 1570 1049 1623 ut
1078 1559 1305 1624 descendendo
1338 1557 1433 1643 possit

336 1657 498 1742 pervenire
511 1659 551 1721 ad
568 1661 723 1743 graviora.
771 1662 1032 1749 Unumquodque
1045 1671 1153 1727 autem
1169 1671 1260 1725 notet
1276 1683 1349 1725 cum
1366 1681 1431 1745 pro·

338 1760 404 1844 pria
426 1760 528 1824 littera
551 1762 682 1825 utillud
707 1763 738 1826 in
762 1764 916 1828 divisione
939 1774 1123 1848 cognoscat.
1171 1763 1322 1849 Inprimis
1345 1763 1432 1825 faciat

337 1862 416 1924 duas
444 1873 548 1946 partes
575 1886 654 1927 cene
680 1866 818 1950 aequales
842 1888 915 1929 cum
943 1866 1032 1945 libra,
1053 1888 1150 1930 unam
1175 1866 1215 1929 ad
1244 1890 1266 1931 a
1292 1865 1430 1940 litteram,

337 1967 467 2028 alteram
484 1967 524 2028 ad
542 1987 573 2029 u.
607 1965 721 2029 Ceram
738 1990 760 2031 a
777 1967 888 2030 litterae
900 1967 1022 2031 dividat
1036 1969 1068 2031 in
1084 1978 1158 2033 octo
1173 1969 1311 2054 oequales
1323 1975 1430 2053 partes,

337 2078 369 2131 et
393 2077 515 2130 tantum
539 2069 579 2131 ad
603 2090 708 2132 ceram
732 2090 754 2132 c
777 2069 889 2132 litterae
912 2079 1067 2155 quantum
1089 2070 1193 2134 estin
1216 2080 1332 2134 octava
1350 2076 1430 2153 parte

337 2192 416 2232 cene
431 2194 463 2233 α.
514 2170 663 2233 Similiter
684 2172 806 2235 dividat
828 2194 932 2235 ceram
949 2193 971 2235 u
987 2195 1043 2258 per
1066 2183 1139 2236 octo
1154 2182 1186 2235 et
1201 2180 1326 2234 tantum
1349 2171 1429 2234 dete

337 2272 449 2335 litterae
464 2281 620 2358 quantum
643 2284 691 2335 est
713 2274 745 2336 in
769 2296 894 2338 summe
910 2276 991 2360 ejm,
1013 2284 1045 2338 ct
1066 2275 1195 2359 insuper
1209 2282 1355 2337 octavam
1369 2272 1429 2357 ejus

338 2384 470 2459 partem,
490 2384 521 2436 et
537 2374 668 2437 habebit
689 2376 770 2438 duos
791 2384 885 2439 tonos
906 2376 1086 2440 continuos.
1133 2375 1172 2439 ln
1188 2376 1244 2439 ilio
1259 2376 1330 2438 loco
1345 2374 1428 2439 semi·
1516 2418 1517 2461 ἦ

338 2477 476 2538 tonium¹
501 2476 596 2539 debet
614 2499 695 2554 esse,
722 2488 754 2540 et
776 2476 837 2541 hoc
859 2478 904 2540 ita
926 2478 1077 2542 inveniet.
1129 2476 1296 2541 Summam
1320 2499 1426 2540 cenea
1516 2468 1517 2493 ¹

337 2580 448 2641 litterae
463 2576 585 2641 dividat
598 2579 630 2641 in
649 2589 712 2643 tres
725 2589 840 2665 partes,
857 2580 1022 2665 ipsamque
1034 2602 1192 2643 summam
1210 2580 1265 2643 det
1280 2601 1301 2642 Β
1316 2580 1426 2656 littera,

337 2691 369 2743 et
383 2681 512 2766 insuper
526 2682 595 2766 ejus
618 2681 747 2744 terciam
771 2690 903 2766 purtem.
951 2681 1076 2745 Deinde
1098 2682 1153 2745 det
1174 2690 1299 2745 tantum
1319 2697 1426 2744 cenet>

337 2785 459 2861 litterae,
475 2793 628 2870 quantum
656 2790 705 2844 est
729 2782 762 2845 in
790 2804 915 2845 summa
938 2806 961 2847 a
989 2791 1021 2846 et
1043 2793 1189 2847 octavum
1212 2784 1281 2870 ejus
1304 2792 1425 2869 partem.
1515 2764 1516 2809 t

340 2886 420 2947 ltem
437 2895 561 2948 tantum
578 2906 658 2948 cene
674 2885 729 2947 det
749 2885 858 2948 litterae
881 2905 899 2948 c
922 2894 1078 2971 quantum
1094 2886 1190 2950 habet
1205 2906 1237 2963 u,
1253 2894 1285 2949 et
1299 2885 1424 2948 mediam

338 2992 406 3076 ejus
438 2999 568 3075 partem,
599 2989 707 3075 itaque
736 2988 869 3052 haberet
892 2988 974 3052 duos
1003 2996 1096 3053 tonos
1124 2996 1196 3074 post
1221 2987 1423 3051 semitonium.

340 3091 465 3153 Deinde
491 3100 615 3152 tantum
640 3112 720 3153 cerae
744 3090 864 3153 tribuat
890 3111 911 3153 n
938 3091 1048 3153 littene
1071 3100 1226 3177 quantum
1250 3099 1300 3154 est
1321 3091 1352 3152 in
1366 3096 1424 3151 totu
1514 3098 1515 3177 ὲ

338 3216 463 3259 summa
485 3215 504 3256 ν
526 3192 648 3271 litterae,
669 3201 701 3256 et
724 3193 853 3279 insuper
873 3193 1003 3257 terciam
1027 3195 1095 3279 ejus
1109 3202 1243 3279 partem,
1259 3202 1292 3255 et
1306 3189 1424 3256 habebit
1514 3190 1515 3231 i

336 3298 450 3360 iterum
472 3295 692 3375 semitonium3
719 3303 815 3381 atque
842 3303 963 3380 septem
989 3294 1197 3382 symphonias
1224 3294 1267 3358 ab
1289 3318 1311 3359 a
1333 3294 1423 3356 littera

337 3422 438 3487 usque
461 3400 500 3462 ad
524 3420 545 3462 n
567 3399 718 3463 inveniat.
766 3398 943 3484 Dyepaeon
957 3419 1034 3461 vero
1056 3396 1194 3461 necdum
1216 3396 1346 3460 haberet
1365 3395 1423 3457 sine

337 3511 451 3566 octavo
467 3502 624 3589 cymbalo.
672 3500 822 3587 Duplicet
835 3500 931 3586 igitur
941 3508 1042 3565 totam
1058 3522 1163 3564 ceram
1179 3522 1201 3563 a
1216 3498 1327 3562 litterae
1342 3496 1422 3560 etsie
1513 3556 1514 3559 ,

337 3628 407 3669 eam
418 3605 701 3682 tribuatnlitterae,
712 3613 744 3666 et
753 3602 849 3667 nichil
858 3602 968 3666 deerit.
1004 3603 1234 3689 Dyatesseron,
1249 3601 1421 3686 Dyapcson‚

336 3720 432 3793 atque
454 3708 624 3793 Dyapente
648 3705 850 3792 synemenon
872 3713 980 3769 autem
1000 3705 1141 3769 inveniat
1161 3705 1218 3784 ita,
1237 3704 1330 3769 tollat
1347 3721 1421 3766 sum·

337 3830 423 3871 mam
438 3830 518 3872 cerae
538 3809 649 3870 litterae
671 3816 704 3871 et
725 3815 850 3870 tantum
872 3806 927 3871 det
942 3829 962 3870 ιτ
977 3808 1100 3888 litteren,
1121 3816 1154 3871 et
1167 3807 1298 3892 insuper
1317 3803 1420 3868 medie

337 3920 435 3975 tatem
451 3909 529 3994 ejus,
544 3930 583 3972 ac
606 3908 779 3972 constituat
801 3908 887 3972 illam
910 3909 990 3974 inter
1006 3930 1030 3974 A
1044 3919 1077 3974 et
1093 3931 1125 3973 n.
1171 3908 1312 3974 Omniud
1327 3914 1420 3971 autem

336 4019 449 4077 caveat
464 4010 518 4097 qui
533 4010 682 4097 cymbala
703 4011 840 4075 formare
862 4019 918 4099 aut
939 4011 1073 4076 fundere
1094 4010 1201 4089 debet,
1216 4019 1254 4073 ut
1268 4011 1309 4073 de
1323 4026 1421 4093 supru-

337 4116 422 4180 dicta
437 4136 510 4179 cera
521 4135 593 4200 quae
608 4120 674 4176 tum
690 4118 783 4177 caute
797 4114 975 4199 ponderata
986 4123 1018 4178 et
1032 4114 1134 4177 divisa
1148 4121 1209 4192 est,
1216 4111 1314 4175 nichil
1329 4109 1421 4174 mittat

337 4219 377 4282 ad
397 4219 477 4305 juga
499 4228 531 4282 et
553 4216 736 4303 spiramina,
759 4216 816 4281 sed
838 4218 879 4280 de
901 4218 1001 4281 altera
1022 4238 1096 4281 cera
1118 4214 1216 4280 faciat
1237 4214 1291 4278 iila
1314 4209 1419 4276 omnic.

746 4419 752 4449 ¹
772 4423 788 4447 “
797 4418 944 4480 „minum”
954 4416 1010 4467 emt.
