<?xml version="1.0" encoding="UTF-8"?>
<!DOCTYPE html PUBLIC "-//W3C//DTD XHTML 1.0 Transitional//EN"
    "http://www.w3.org/TR/xhtml1/DTD/xhtml1-transitional.dtd">
<html xmlns="http://www.w3.org/1999/xhtml" xml:lang="en" lang="en">
 <head>
  <title>
</title>
<meta http-equiv="Content-Type" content="text/html;charset=utf-8" />
  <meta name='ocr-system' content='tesseract 3.04.00' />
  <meta name='ocr-capabilities' content='ocr_page ocr_carea ocr_par ocr_line ocrx_word'/>
</head>
<body>
  <div class='ocr_page' id='page_1' title='image "./theophiliquietr01hendgoog_0309.png"; bbox 0 0 3166 5190; ppageno 0'>
   <div class='ocr_carea' id='block_1_1' title="bbox 319 474 1063 537">
    <p class='ocr_par' dir='ltr' id='par_1_1' title="bbox 319 474 1063 537">
     <span class='ocr_line' id='line_1_1' title="bbox 319 474 1063 537; baseline -0.004 0"><span class='ocrx_word' id='word_1_1' title='bbox 319 474 383 537; x_wconf 84' lang='lat'>240</span> <span class='ocrx_word' id='word_1_2' title='bbox 664 490 857 534; x_wconf 74' lang='lat' dir='ltr'>annornm</span> <span class='ocrx_word' id='word_1_3' title='bbox 883 490 986 533; x_wconf 80' lang='lat' dir='ltr'>arasa</span> <span class='ocrx_word' id='word_1_4' title='bbox 1010 489 1063 534; x_wconf 92' lang='grc' dir='ltr'><strong>ιιι.</strong></span> 
     </span>
    </p>
   </div>
   <div class='ocr_carea' id='block_1_2' title="bbox 320 641 1429 2777">
    <p class='ocr_par' dir='ltr' id='par_1_2' title="bbox 320 641 1429 2777">
     <span class='ocr_line' id='line_1_2' title="bbox 320 641 1422 730; baseline 0 -24"><span class='ocrx_word' id='word_1_5' title='bbox 320 643 445 730; x_wconf 87' lang='lat' dir='ltr'>gracilis</span> <span class='ocrx_word' id='word_1_6' title='bbox 470 641 603 705; x_wconf 83' lang='lat' dir='ltr'>candela</span> <span class='ocrx_word' id='word_1_7' title='bbox 618 642 815 726; x_wconf 87' lang='lat' dir='ltr'>longitudine</span> <span class='ocrx_word' id='word_1_8' title='bbox 836 641 958 704; x_wconf 81' lang='lat' dir='ltr'>minimi</span> <span class='ocrx_word' id='word_1_9' title='bbox 982 641 1084 727; x_wconf 84' lang='lat' dir='ltr'>digiti,</span> <span class='ocrx_word' id='word_1_10' title='bbox 1100 643 1156 706; x_wconf 90' lang='lat' dir='ltr'>sed</span> <span class='ocrx_word' id='word_1_11' title='bbox 1177 642 1210 704; x_wconf 90' lang='lat' dir='ltr'>in</span> <span class='ocrx_word' id='word_1_12' title='bbox 1234 643 1422 706; x_wconf 85' lang='lat' dir='ltr'>summitate</span> 
     </span>
     <span class='ocr_line' id='line_1_3' title="bbox 320 744 1423 832; baseline -0.001 -23"><span class='ocrx_word' id='word_1_13' title='bbox 320 747 360 810; x_wconf 90' lang='lat' dir='ltr'>sit</span> <span class='ocrx_word' id='word_1_14' title='bbox 374 745 604 831; x_wconf 88' lang='lat' dir='ltr'>aliquantulum</span> <span class='ocrx_word' id='word_1_15' title='bbox 615 745 765 829; x_wconf 79' lang='lat' dir='ltr'>grossior,</span> <span class='ocrx_word' id='word_1_16' title='bbox 777 767 849 830; x_wconf 79' lang='lat' dir='ltr'>quaa</span> <span class='ocrx_word' id='word_1_17' title='bbox 861 765 934 808; x_wconf 90' lang='lat' dir='ltr'>cera</span> <span class='ocrx_word' id='word_1_18' title='bbox 949 752 1080 807; x_wconf 78' lang='lat' dir='ltr'>vocatur</span> <span class='ocrx_word' id='word_1_19' title='bbox 1091 744 1297 825; x_wconf 82' lang='lat' dir='ltr'>infusorium3</span> <span class='ocrx_word' id='word_1_20' title='bbox 1319 767 1423 832; x_wconf 86' lang='lat' dir='ltr'>quam</span> 
     </span>
     <span class='ocr_line' id='line_1_4' title="bbox 320 845 1424 932; baseline 0 -21"><span class='ocrx_word' id='word_1_21' title='bbox 320 846 471 911; x_wconf 85' lang='lat' dir='ltr'>solidabia</span> <span class='ocrx_word' id='word_1_22' title='bbox 486 846 589 910; x_wconf 92' lang='lat' dir='ltr'>calido</span> <span class='ocrx_word' id='word_1_23' title='bbox 605 846 697 909; x_wconf 86' lang='lat' dir='ltr'>ferro.</span> <span class='ocrx_word' id='word_1_24' title='bbox 745 845 871 910; x_wconf 87' lang='lat' dir='ltr'>Deinde</span> <span class='ocrx_word' id='word_1_25' title='bbox 893 846 1003 932; x_wconf 88' lang='lat' dir='ltr'>accipe</span> <span class='ocrx_word' id='word_1_26' title='bbox 1017 846 1161 932; x_wconf 78' lang='lat' dir='ltr'>argillam</span> <span class='ocrx_word' id='word_1_27' title='bbox 1177 846 1299 910; x_wconf 85' lang='lat' dir='ltr'>fortiter</span> <span class='ocrx_word' id='word_1_28' title='bbox 1313 869 1424 911; x_wconf 84' lang='lat' dir='ltr'>mace·</span> 
     </span>
     <span class='ocr_line' id='line_1_5' title="bbox 320 949 1426 1035; baseline 0.002 -22"><span class='ocrx_word' id='word_1_29' title='bbox 320 960 431 1028; x_wconf 89' lang='lat' dir='ltr'>ratam,</span> <span class='ocrx_word' id='word_1_30' title='bbox 447 961 479 1013; x_wconf 87' lang='lat' dir='ltr'>et</span> <span class='ocrx_word' id='word_1_31' title='bbox 494 949 637 1034; x_wconf 78' lang='lat' dir='ltr'>cooperi</span> <span class='ocrx_word' id='word_1_32' title='bbox 659 949 827 1034; x_wconf 90' lang='lat' dir='ltr'>diligenter</span> <span class='ocrx_word' id='word_1_33' title='bbox 842 958 992 1035; x_wconf 89' lang='lat' dir='ltr'>utrasque</span> <span class='ocrx_word' id='word_1_34' title='bbox 1007 970 1099 1014; x_wconf 90' lang='lat' dir='ltr'>aures</span> <span class='ocrx_word' id='word_1_35' title='bbox 1114 949 1309 1034; x_wconf 75' lang='lat' dir='ltr'>singillatim,</span> <span class='ocrx_word' id='word_1_36' title='bbox 1324 952 1372 1013; x_wconf 87' lang='lat' dir='ltr'>ita</span> <span class='ocrx_word' id='word_1_37' title='bbox 1388 962 1426 1015; x_wconf 90' lang='lat' dir='ltr'>ut</span> 
     </span>
     <span class='ocr_line' id='line_1_6' title="bbox 321 1050 1426 1137; baseline 0.001 -21"><span class='ocrx_word' id='word_1_38' title='bbox 321 1053 427 1116; x_wconf 90' lang='lat' dir='ltr'>omnia</span> <span class='ocrx_word' id='word_1_39' title='bbox 458 1052 614 1116; x_wconf 78' lang='lat' dir='ltr'>foramina</span> <span class='ocrx_word' id='word_1_40' title='bbox 643 1052 812 1137; x_wconf 75' lang='lat' dir='ltr'>sculpturas</span> <span class='ocrx_word' id='word_1_41' title='bbox 841 1050 1041 1136; x_wconf 83' lang='lat' dir='ltr'>impleantur.</span> <span class='ocrx_word' id='word_1_42' title='bbox 1087 1050 1168 1127; x_wconf 85' lang='lat' dir='ltr'>Quae</span> <span class='ocrx_word' id='word_1_43' title='bbox 1195 1075 1268 1116; x_wconf 88' lang='lat' dir='ltr'>cum</span> <span class='ocrx_word' id='word_1_44' title='bbox 1293 1052 1426 1117; x_wconf 70' lang='lat' dir='ltr'>siccatas</span> 
     </span>
     <span class='ocr_line' id='line_1_7' title="bbox 321 1152 1425 1240; baseline -0.001 -21"><span class='ocrx_word' id='word_1_45' title='bbox 321 1156 446 1233; x_wconf 88' lang='lat' dir='ltr'>fuerint,</span> <span class='ocrx_word' id='word_1_46' title='bbox 462 1155 575 1218; x_wconf 88' lang='lat' dir='ltr'>iterum</span> <span class='ocrx_word' id='word_1_47' title='bbox 590 1152 732 1237; x_wconf 73' lang='lat' dir='ltr'>cooperi</span> <span class='ocrx_word' id='word_1_48' title='bbox 755 1173 810 1237; x_wconf 90' lang='lat' dir='ltr'>per</span> <span class='ocrx_word' id='word_1_49' title='bbox 825 1152 933 1216; x_wconf 89' lang='lat' dir='ltr'>omnia</span> <span class='ocrx_word' id='word_1_50' title='bbox 948 1154 1119 1240; x_wconf 67' lang='lat' dir='ltr'>aequaliter,</span> <span class='ocrx_word' id='word_1_51' title='bbox 1134 1154 1269 1240; x_wconf 73' lang='lat' dir='ltr'>exceptis</span> <span class='ocrx_word' id='word_1_52' title='bbox 1287 1156 1425 1218; x_wconf 90' lang='lat' dir='ltr'>summi·</span> 
     </span>
     <span class='ocr_line' id='line_1_8' title="bbox 322 1254 1426 1334; baseline 0 -13"><span class='ocrx_word' id='word_1_53' title='bbox 322 1268 387 1321; x_wconf 88' lang='lat' dir='ltr'>tate</span> <span class='ocrx_word' id='word_1_54' title='bbox 412 1257 566 1334; x_wconf 87' lang='lat' dir='ltr'>infusorii,</span> <span class='ocrx_word' id='word_1_55' title='bbox 588 1266 621 1319; x_wconf 87' lang='lat' dir='ltr'>et</span> <span class='ocrx_word' id='word_1_56' title='bbox 647 1254 739 1318; x_wconf 84' lang='lat' dir='ltr'>tertio</span> <span class='ocrx_word' id='word_1_57' title='bbox 763 1254 907 1320; x_wconf 89' lang='lat' dir='ltr'>similiter</span> <span class='ocrx_word' id='word_1_58' title='bbox 933 1255 1042 1319; x_wconf 82' lang='lat' dir='ltr'>facies.</span> <span class='ocrx_word' id='word_1_59' title='bbox 1088 1256 1301 1321; x_wconf 88' lang='lat' dir='ltr'>Postmodum</span> <span class='ocrx_word' id='word_1_60' title='bbox 1329 1258 1426 1321; x_wconf 84' lang='lat' dir='ltr'>mitte</span> 
     </span>
     <span class='ocr_line' id='line_1_9' title="bbox 323 1357 1426 1447; baseline 0.001 -25"><span class='ocrx_word' id='word_1_61' title='bbox 323 1360 408 1447; x_wconf 91' lang='lat' dir='ltr'>ipsas</span> <span class='ocrx_word' id='word_1_62' title='bbox 420 1361 539 1424; x_wconf 87' lang='lat' dir='ltr'>formas</span> <span class='ocrx_word' id='word_1_63' title='bbox 548 1360 643 1445; x_wconf 84' lang='lat' dir='ltr'>juxta</span> <span class='ocrx_word' id='word_1_64' title='bbox 654 1358 818 1437; x_wconf 84' lang='lat' dir='ltr'>carbones,</span> <span class='ocrx_word' id='word_1_65' title='bbox 831 1367 865 1421; x_wconf 89' lang='lat' dir='ltr'>ut</span> <span class='ocrx_word' id='word_1_66' title='bbox 875 1379 948 1421; x_wconf 88' lang='lat' dir='ltr'>cum</span> <span class='ocrx_word' id='word_1_67' title='bbox 960 1357 1122 1422; x_wconf 75' lang='lat' dir='ltr'>calefacta</span> <span class='ocrx_word' id='word_1_68' title='bbox 1133 1359 1258 1437; x_wconf 81' lang='lat' dir='ltr'>fuerint,</span> <span class='ocrx_word' id='word_1_69' title='bbox 1273 1358 1426 1423; x_wconf 86' lang='lat' dir='ltr'>effundas</span> 
     </span>
     <span class='ocr_line' id='line_1_10' title="bbox 323 1460 1426 1546; baseline 0 -20"><span class='ocrx_word' id='word_1_70' title='bbox 323 1485 437 1526; x_wconf 89' lang='lat' dir='ltr'>ceram.</span> <span class='ocrx_word' id='word_1_71' title='bbox 484 1461 558 1536; x_wconf 80' lang='lat' dir='ltr'>Qua</span> <span class='ocrx_word' id='word_1_72' title='bbox 583 1460 685 1524; x_wconf 76' lang='lat' dir='ltr'>effusis</span> <span class='ocrx_word' id='word_1_73' title='bbox 701 1481 801 1545; x_wconf 90' lang='lat' dir='ltr'>pones</span> <span class='ocrx_word' id='word_1_74' title='bbox 816 1481 870 1523; x_wconf 88' lang='lat' dir='ltr'>eas</span> <span class='ocrx_word' id='word_1_75' title='bbox 894 1461 1025 1524; x_wconf 89' lang='lat' dir='ltr'>omnino</span> <span class='ocrx_word' id='word_1_76' title='bbox 1039 1460 1073 1523; x_wconf 90' lang='lat' dir='ltr'>in</span> <span class='ocrx_word' id='word_1_77' title='bbox 1098 1461 1216 1546; x_wconf 84' lang='lat' dir='ltr'>ignem,</span> <span class='ocrx_word' id='word_1_78' title='bbox 1231 1472 1426 1526; x_wconf 87' lang='lat' dir='ltr'>convertens</span> 
     </span>
     <span class='ocr_line' id='line_1_11' title="bbox 324 1561 1428 1650; baseline 0 -24"><span class='ocrx_word' id='word_1_79' title='bbox 324 1565 479 1629; x_wconf 80' lang='lat' dir='ltr'>foramina</span> <span class='ocrx_word' id='word_1_80' title='bbox 494 1585 548 1650; x_wconf 90' lang='lat' dir='ltr'>per</span> <span class='ocrx_word' id='word_1_81' title='bbox 561 1585 631 1650; x_wconf 84' lang='lat' dir='ltr'>quae</span> <span class='ocrx_word' id='word_1_82' title='bbox 646 1583 719 1625; x_wconf 91' lang='lat' dir='ltr'>cera</span> <span class='ocrx_word' id='word_1_83' title='bbox 733 1562 809 1625; x_wconf 85' lang='lat' dir='ltr'>exiit</span> <span class='ocrx_word' id='word_1_84' title='bbox 823 1561 965 1640; x_wconf 90' lang='lat' dir='ltr'>inferius,</span> <span class='ocrx_word' id='word_1_85' title='bbox 980 1571 1013 1625; x_wconf 89' lang='lat' dir='ltr'>et</span> <span class='ocrx_word' id='word_1_86' title='bbox 1027 1562 1095 1626; x_wconf 86' lang='lat' dir='ltr'>sine</span> <span class='ocrx_word' id='word_1_87' title='bbox 1109 1562 1212 1626; x_wconf 88' lang='lat' dir='ltr'>donec</span> <span class='ocrx_word' id='word_1_88' title='bbox 1227 1564 1428 1628; x_wconf 81' lang='lat' dir='ltr'>candescant</span> 
     </span>
     <span class='ocr_line' id='line_1_12' title="bbox 322 1664 1427 1752; baseline 0.001 -21"><span class='ocrx_word' id='word_1_89' title='bbox 322 1669 404 1731; x_wconf 90' lang='lat' dir='ltr'>sicut</span> <span class='ocrx_word' id='word_1_90' title='bbox 429 1669 594 1746; x_wconf 89' lang='lat' dir='ltr'>carbones,</span> <span class='ocrx_word' id='word_1_91' title='bbox 609 1666 780 1752; x_wconf 87' lang='lat' dir='ltr'>statimque</span> <span class='ocrx_word' id='word_1_92' title='bbox 805 1664 942 1752; x_wconf 87' lang='lat' dir='ltr'>liquefac</span> <span class='ocrx_word' id='word_1_93' title='bbox 957 1675 1135 1752; x_wconf 87' lang='lat' dir='ltr'>argentum,</span> <span class='ocrx_word' id='word_1_94' title='bbox 1151 1666 1275 1730; x_wconf 87' lang='lat' dir='ltr'>addens</span> <span class='ocrx_word' id='word_1_95' title='bbox 1298 1667 1330 1730; x_wconf 94' lang='lat' dir='ltr'>ei</span> <span class='ocrx_word' id='word_1_96' title='bbox 1356 1690 1427 1732; x_wconf 93' lang='lat' dir='ltr'>mo-</span> 
     </span>
     <span class='ocr_line' id='line_1_13' title="bbox 323 1767 1427 1856; baseline -0.001 -22"><span class='ocrx_word' id='word_1_97' title='bbox 323 1771 429 1835; x_wconf 90' lang='lat' dir='ltr'>dicum</span> <span class='ocrx_word' id='word_1_98' title='bbox 442 1772 482 1834; x_wconf 92' lang='lat' dir='ltr'>de</span> <span class='ocrx_word' id='word_1_99' title='bbox 492 1770 648 1833; x_wconf 85' lang='lat' dir='ltr'>auricalco</span> <span class='ocrx_word' id='word_1_100' title='bbox 659 1767 855 1855; x_wconf 80' lang='lat' dir='ltr'>HyspanicO,</span> <span class='ocrx_word' id='word_1_101' title='bbox 872 1776 907 1831; x_wconf 85' lang='lat' dir='ltr'>ut</span> <span class='ocrx_word' id='word_1_102' title='bbox 921 1767 1007 1833; x_wconf 90' lang='lat' dir='ltr'>verbi</span> <span class='ocrx_word' id='word_1_103' title='bbox 1023 1768 1134 1853; x_wconf 88' lang='lat' dir='ltr'>gratia,</span> <span class='ocrx_word' id='word_1_104' title='bbox 1150 1768 1176 1832; x_wconf 92' lang='lat' dir='ltr'>si</span> <span class='ocrx_word' id='word_1_105' title='bbox 1191 1769 1285 1834; x_wconf 89' lang='lat' dir='ltr'>fuerit</span> <span class='ocrx_word' id='word_1_106' title='bbox 1298 1770 1427 1856; x_wconf 81' lang='lat' dir='ltr'>argenti</span> 
     </span>
     <span class='ocr_line' id='line_1_14' title="bbox 324 1870 1428 1958; baseline -0.002 -21"><span class='ocrx_word' id='word_1_107' title='bbox 324 1875 454 1938; x_wconf 88' lang='lat' dir='ltr'>dimidia</span> <span class='ocrx_word' id='word_1_108' title='bbox 476 1894 594 1951; x_wconf 89' lang='lat' dir='ltr'>marca,</span> <span class='ocrx_word' id='word_1_109' title='bbox 610 1871 735 1957; x_wconf 89' lang='lat' dir='ltr'>pondus</span> <span class='ocrx_word' id='word_1_110' title='bbox 757 1870 891 1935; x_wconf 90' lang='lat' dir='ltr'>duorum</span> <span class='ocrx_word' id='word_1_111' title='bbox 909 1891 1123 1951; x_wconf 89' lang='lat' dir='ltr'>nummorum,</span> <span class='ocrx_word' id='word_1_112' title='bbox 1139 1871 1166 1935; x_wconf 89' lang='lat' dir='ltr'>si</span> <span class='ocrx_word' id='word_1_113' title='bbox 1183 1894 1257 1936; x_wconf 85' lang='lat' dir='ltr'>vero</span> <span class='ocrx_word' id='word_1_114' title='bbox 1279 1872 1357 1958; x_wconf 90' lang='lat' dir='ltr'>plus</span> <span class='ocrx_word' id='word_1_115' title='bbox 1372 1882 1428 1937; x_wconf 90' lang='lat' dir='ltr'>aut</span> 
     </span>
     <span class='ocr_line' id='line_1_15' title="bbox 325 1973 1427 2061; baseline 0 -21"><span class='ocrx_word' id='word_1_116' title='bbox 325 1977 439 2055; x_wconf 87' lang='lat' dir='ltr'>minus,</span> <span class='ocrx_word' id='word_1_117' title='bbox 454 1998 472 2040; x_wconf 88' lang='lat' dir='ltr'>e</span> <span class='ocrx_word' id='word_1_118' title='bbox 496 1984 628 2053; x_wconf 76' lang='lat' dir='ltr'>contra,</span> <span class='ocrx_word' id='word_1_119' title='bbox 651 1984 684 2038; x_wconf 89' lang='lat' dir='ltr'>et</span> <span class='ocrx_word' id='word_1_120' title='bbox 699 1974 815 2038; x_wconf 83' lang='lat' dir='ltr'>eiciens</span> <span class='ocrx_word' id='word_1_121' title='bbox 830 1973 949 2038; x_wconf 89' lang='lat' dir='ltr'>formas</span> <span class='ocrx_word' id='word_1_122' title='bbox 973 1973 1014 2038; x_wconf 94' lang='lat' dir='ltr'>ab</span> <span class='ocrx_word' id='word_1_123' title='bbox 1029 1975 1103 2061; x_wconf 90' lang='lat' dir='ltr'>igne</span> <span class='ocrx_word' id='word_1_124' title='bbox 1118 1974 1194 2038; x_wconf 88' lang='lat' dir='ltr'>siste</span> <span class='ocrx_word' id='word_1_125' title='bbox 1212 1997 1266 2038; x_wconf 89' lang='lat' dir='ltr'>eas</span> <span class='ocrx_word' id='word_1_126' title='bbox 1280 1976 1427 2053; x_wconf 87' lang='lat' dir='ltr'>firmiter,</span> 
     </span>
     <span class='ocr_line' id='line_1_16' title="bbox 326 2075 1429 2165; baseline 0 -22"><span class='ocrx_word' id='word_1_127' title='bbox 326 2090 358 2143; x_wconf 86' lang='lat' dir='ltr'>et</span> <span class='ocrx_word' id='word_1_128' title='bbox 372 2078 503 2142; x_wconf 90' lang='lat' dir='ltr'>infunde</span> <span class='ocrx_word' id='word_1_129' title='bbox 519 2077 630 2140; x_wconf 87' lang='lat' dir='ltr'>eodem</span> <span class='ocrx_word' id='word_1_130' title='bbox 654 2077 736 2157; x_wconf 88' lang='lat' dir='ltr'>loco,</span> <span class='ocrx_word' id='word_1_131' title='bbox 753 2076 837 2139; x_wconf 90' lang='lat' dir='ltr'>unde</span> <span class='ocrx_word' id='word_1_132' title='bbox 851 2097 957 2139; x_wconf 90' lang='lat' dir='ltr'>ceram</span> <span class='ocrx_word' id='word_1_133' title='bbox 980 2075 1128 2140; x_wconf 86' lang='lat' dir='ltr'>effudisti.</span> <span class='ocrx_word' id='word_1_134' title='bbox 1173 2076 1321 2165; x_wconf 88' lang='lat' dir='ltr'>Cumque</span> <span class='ocrx_word' id='word_1_135' title='bbox 1340 2079 1429 2143; x_wconf 87' lang='lat' dir='ltr'>refri-</span> 
     </span>
     <span class='ocr_line' id='line_1_17' title="bbox 325 2178 1428 2268; baseline 0 -23"><span class='ocrx_word' id='word_1_136' title='bbox 325 2191 434 2268; x_wconf 89' lang='lat' dir='ltr'>gerata</span> <span class='ocrx_word' id='word_1_137' title='bbox 462 2179 586 2258; x_wconf 88' lang='lat' dir='ltr'>fuerint,</span> <span class='ocrx_word' id='word_1_138' title='bbox 602 2178 690 2242; x_wconf 90' lang='lat' dir='ltr'>aufer</span> <span class='ocrx_word' id='word_1_139' title='bbox 714 2178 870 2264; x_wconf 89' lang='lat' dir='ltr'>argillam,</span> <span class='ocrx_word' id='word_1_140' title='bbox 885 2187 1005 2242; x_wconf 89' lang='lat' dir='ltr'>etcum</span> <span class='ocrx_word' id='word_1_141' title='bbox 1031 2178 1106 2241; x_wconf 91' lang='lat' dir='ltr'>lima</span> <span class='ocrx_word' id='word_1_142' title='bbox 1120 2187 1154 2243; x_wconf 88' lang='lat' dir='ltr'>et</span> <span class='ocrx_word' id='word_1_143' title='bbox 1168 2179 1256 2243; x_wconf 90' lang='lat' dir='ltr'>ferris</span> <span class='ocrx_word' id='word_1_144' title='bbox 1281 2180 1428 2246; x_wconf 87' lang='lat' dir='ltr'>fossoriis</span> 
     </span>
     <span class='ocr_line' id='line_1_18' title="bbox 325 2280 1428 2370; baseline 0.001 -22"><span class='ocrx_word' id='word_1_145' title='bbox 325 2284 466 2370; x_wconf 88' lang='lat' dir='ltr'>adjunge</span> <span class='ocrx_word' id='word_1_146' title='bbox 482 2305 537 2347; x_wconf 92' lang='lat' dir='ltr'>eas</span> <span class='ocrx_word' id='word_1_147' title='bbox 552 2282 619 2345; x_wconf 86' lang='lat' dir='ltr'>vasi</span> <span class='ocrx_word' id='word_1_148' title='bbox 636 2282 667 2344; x_wconf 91' lang='lat' dir='ltr'>in</span> <span class='ocrx_word' id='word_1_149' title='bbox 682 2280 747 2345; x_wconf 90' lang='lat' dir='ltr'>suis</span> <span class='ocrx_word' id='word_1_150' title='bbox 762 2281 851 2360; x_wconf 91' lang='lat' dir='ltr'>locis,</span> <span class='ocrx_word' id='word_1_151' title='bbox 863 2290 896 2345; x_wconf 90' lang='lat' dir='ltr'>et</span> <span class='ocrx_word' id='word_1_152' title='bbox 911 2281 1124 2368; x_wconf 85' lang='lat' dir='ltr'>subjuncturis</span> <span class='ocrx_word' id='word_1_153' title='bbox 1148 2282 1243 2346; x_wconf 88' lang='lat' dir='ltr'>facies</span> <span class='ocrx_word' id='word_1_154' title='bbox 1257 2283 1325 2348; x_wconf 93' lang='lat' dir='ltr'>duo</span> <span class='ocrx_word' id='word_1_155' title='bbox 1343 2285 1428 2349; x_wconf 89' lang='lat' dir='ltr'>fora·</span> 
     </span>
     <span class='ocr_line' id='line_1_19' title="bbox 326 2382 1427 2472; baseline -0.001 -21"><span class='ocrx_word' id='word_1_156' title='bbox 326 2389 413 2451; x_wconf 89' lang='lat' dir='ltr'>mina</span> <span class='ocrx_word' id='word_1_157' title='bbox 435 2387 539 2472; x_wconf 90' lang='lat' dir='ltr'>longa,</span> <span class='ocrx_word' id='word_1_158' title='bbox 562 2407 662 2448; x_wconf 91' lang='lat' dir='ltr'>unum</span> <span class='ocrx_word' id='word_1_159' title='bbox 684 2382 813 2447; x_wconf 89' lang='lat' dir='ltr'>inferius</span> <span class='ocrx_word' id='word_1_160' title='bbox 831 2394 864 2446; x_wconf 87' lang='lat' dir='ltr'>et</span> <span class='ocrx_word' id='word_1_161' title='bbox 885 2382 971 2447; x_wconf 91' lang='lat' dir='ltr'>aliud</span> <span class='ocrx_word' id='word_1_162' title='bbox 994 2384 1148 2470; x_wconf 90' lang='lat' dir='ltr'>superius,</span> <span class='ocrx_word' id='word_1_163' title='bbox 1163 2408 1235 2471; x_wconf 78' lang='lat' dir='ltr'>quae</span> <span class='ocrx_word' id='word_1_164' title='bbox 1256 2386 1338 2451; x_wconf 89' lang='lat' dir='ltr'>foris</span> <span class='ocrx_word' id='word_1_165' title='bbox 1361 2409 1427 2452; x_wconf 90' lang='lat' dir='ltr'>non</span> 
     </span>
     <span class='ocr_line' id='line_1_20' title="bbox 326 2485 1428 2578; baseline 0 -23"><span class='ocrx_word' id='word_1_166' title='bbox 326 2501 509 2578; x_wconf 87' lang='lat' dir='ltr'>appareant,</span> <span class='ocrx_word' id='word_1_167' title='bbox 524 2487 687 2575; x_wconf 88' lang='lat' dir='ltr'>inquibus</span> <span class='ocrx_word' id='word_1_168' title='bbox 696 2486 813 2573; x_wconf 88' lang='lat' dir='ltr'>junges</span> <span class='ocrx_word' id='word_1_169' title='bbox 823 2485 1004 2572; x_wconf 87' lang='lat' dir='ltr'>singillatim</span> <span class='ocrx_word' id='word_1_170' title='bbox 1019 2487 1101 2551; x_wconf 86' lang='lat' dir='ltr'>duos</span> <span class='ocrx_word' id='word_1_171' title='bbox 1112 2487 1220 2552; x_wconf 87' lang='lat' dir='ltr'>clavos</span> <span class='ocrx_word' id='word_1_172' title='bbox 1234 2489 1329 2569; x_wconf 87' lang='lat' dir='ltr'>latos,</span> <span class='ocrx_word' id='word_1_173' title='bbox 1345 2513 1428 2577; x_wconf 85' lang='lat' dir='ltr'>quos</span> 
     </span>
     <span class='ocr_line' id='line_1_21' title="bbox 327 2586 1428 2678; baseline -0.001 -20"><span class='ocrx_word' id='word_1_174' title='bbox 327 2593 422 2658; x_wconf 87' lang='lat' dir='ltr'>facies</span> <span class='ocrx_word' id='word_1_175' title='bbox 438 2591 571 2655; x_wconf 88' lang='lat' dir='ltr'>transire</span> <span class='ocrx_word' id='word_1_176' title='bbox 587 2611 642 2654; x_wconf 88' lang='lat' dir='ltr'>vas</span> <span class='ocrx_word' id='word_1_177' title='bbox 657 2588 790 2675; x_wconf 85' lang='lat' dir='ltr'>perduc</span> <span class='ocrx_word' id='word_1_178' title='bbox 806 2586 962 2652; x_wconf 89' lang='lat' dir='ltr'>foramina</span> <span class='ocrx_word' id='word_1_179' title='bbox 973 2610 1013 2653; x_wconf 80' lang='lat' dir='ltr'>ex</span> <span class='ocrx_word' id='word_1_180' title='bbox 1027 2597 1161 2676; x_wconf 88' lang='lat' dir='ltr'>utraque</span> <span class='ocrx_word' id='word_1_181' title='bbox 1176 2600 1265 2676; x_wconf 91' lang='lat' dir='ltr'>parte</span> <span class='ocrx_word' id='word_1_182' title='bbox 1280 2593 1428 2678; x_wconf 86' lang='lat' dir='ltr'>superius</span> 
     </span>
     <span class='ocr_line' id='line_1_22' title="bbox 327 2690 1338 2777; baseline 0.002 -20"><span class='ocrx_word' id='word_1_183' title='bbox 327 2705 359 2757; x_wconf 87' lang='lat' dir='ltr'>et</span> <span class='ocrx_word' id='word_1_184' title='bbox 372 2693 511 2772; x_wconf 88' lang='lat' dir='ltr'>iuferius,</span> <span class='ocrx_word' id='word_1_185' title='bbox 525 2703 558 2756; x_wconf 83' lang='lat' dir='ltr'>et</span> <span class='ocrx_word' id='word_1_186' title='bbox 572 2692 716 2777; x_wconf 79' lang='lat' dir='ltr'>configas</span> <span class='ocrx_word' id='word_1_187' title='bbox 730 2690 861 2754; x_wconf 89' lang='lat' dir='ltr'>interius</span> <span class='ocrx_word' id='word_1_188' title='bbox 876 2699 971 2777; x_wconf 90' lang='lat' dir='ltr'>atque</span> <span class='ocrx_word' id='word_1_189' title='bbox 986 2691 1137 2756; x_wconf 89' lang='lat' dir='ltr'>solidabis</span> <span class='ocrx_word' id='word_1_190' title='bbox 1151 2690 1213 2757; x_wconf 90' lang='lat' dir='ltr'>hoc</span> <span class='ocrx_word' id='word_1_191' title='bbox 1228 2693 1338 2759; x_wconf 88' lang='lat' dir='ltr'>modo.</span> 
     </span>
    </p>
   </div>
   <div class='ocr_carea' id='block_1_3' title="bbox 631 3321 1106 3423">
    <p class='ocr_par' dir='ltr' id='par_1_3' title="bbox 631 3321 1106 3423">
     <span class='ocr_line' id='line_1_23' title="bbox 631 3321 1106 3423; baseline 0.004 -3"><span class='ocrx_word' id='word_1_192' title='bbox 631 3321 868 3421; x_wconf 82' lang='lat' dir='ltr'><strong>CAPUT</strong></span> <span class='ocrx_word' id='word_1_193' title='bbox 913 3325 1106 3423; x_wconf 90' lang='lat' dir='ltr'>XXXI.</span> 
     </span>
    </p>
   </div>
   <div class='ocr_carea' id='block_1_4' title="bbox 641 3543 1113 3590">
    <p class='ocr_par' dir='ltr' id='par_1_4' title="bbox 641 3543 1113 3590">
     <span class='ocr_line' id='line_1_24' title="bbox 641 3543 1113 3590; baseline 0.006 -3"><span class='ocrx_word' id='word_1_194' title='bbox 641 3546 688 3588; x_wconf 78' lang='grc' dir='ltr'>ΒΕ</span> <span class='ocrx_word' id='word_1_195' title='bbox 710 3543 929 3589; x_wconf 69' lang='lat' dir='ltr'>sounsuuas</span> <span class='ocrx_word' id='word_1_196' title='bbox 951 3545 1113 3590; x_wconf 78' lang='lat' dir='ltr'>ARGRN‘H.</span> 
     </span>
    </p>
   </div>
   <div class='ocr_carea' id='block_1_5' title="bbox 329 3695 1550 3986">
    <p class='ocr_par' dir='ltr' id='par_1_5' title="bbox 329 3695 1550 3986">
     <span class='ocr_line' id='line_1_25' title="bbox 330 3695 1550 3846; baseline 0.003 -86"><span class='ocrx_word' id='word_1_197' title='bbox 330 3695 604 3846; x_wconf 86' lang='lat' dir='ltr'><strong>PONDERA</strong></span> <span class='ocrx_word' id='word_1_198' title='bbox 629 3696 710 3760; x_wconf 91' lang='lat' dir='ltr'>duas</span> <span class='ocrx_word' id='word_1_199' title='bbox 735 3705 841 3781; x_wconf 89' lang='lat' dir='ltr'>partes</span> <span class='ocrx_word' id='word_1_200' title='bbox 867 3695 990 3781; x_wconf 89' lang='lat' dir='ltr'>argenti</span> <span class='ocrx_word' id='word_1_201' title='bbox 1015 3696 1103 3787; x_wconf 73' lang='lat' dir='ltr'>puri,</span> <span class='ocrx_word' id='word_1_202' title='bbox 1122 3708 1154 3760; x_wconf 90' lang='lat' dir='ltr'>et</span> <span class='ocrx_word' id='word_1_203' title='bbox 1182 3698 1310 3761; x_wconf 87' lang='lat' dir='ltr'>tertiam</span> <span class='ocrx_word' id='word_1_204' title='bbox 1341 3699 1430 3787; x_wconf 88' lang='lat' dir='ltr'>cupri</span> <span class='ocrx_word' id='word_1_205' title='bbox 1549 3782 1550 3787; x_wconf 8' lang='grc' dir='ltr'>ἵ</span> 
     </span>
     <span class='ocr_line' id='line_1_26' title="bbox 421 3797 1429 3883; baseline 0.005 -23"><span class='ocrx_word' id='word_1_206' title='bbox 421 3798 515 3875; x_wconf 86' lang='lat' dir='ltr'>rubri,</span> <span class='ocrx_word' id='word_1_207' title='bbox 531 3807 564 3861; x_wconf 87' lang='lat' dir='ltr'>et</span> <span class='ocrx_word' id='word_1_208' title='bbox 578 3798 739 3862; x_wconf 90' lang='lat' dir='ltr'>confunde</span> <span class='ocrx_word' id='word_1_209' title='bbox 754 3806 850 3883; x_wconf 90' lang='lat' dir='ltr'>atque</span> <span class='ocrx_word' id='word_1_210' title='bbox 871 3797 1028 3861; x_wconf 83' lang='lat' dir='ltr'>subtiliter</span> <span class='ocrx_word' id='word_1_211' title='bbox 1051 3797 1126 3861; x_wconf 91' lang='lat' dir='ltr'>lima</span> <span class='ocrx_word' id='word_1_212' title='bbox 1148 3797 1181 3861; x_wconf 90' lang='lat' dir='ltr'>in</span> <span class='ocrx_word' id='word_1_213' title='bbox 1197 3819 1270 3862; x_wconf 90' lang='lat' dir='ltr'>vase</span> <span class='ocrx_word' id='word_1_214' title='bbox 1294 3801 1429 3877; x_wconf 89' lang='lat' dir='ltr'>mundo,</span> 
     </span>
     <span class='ocr_line' id='line_1_27' title="bbox 329 3898 1430 3986; baseline 0.002 -25"><span class='ocrx_word' id='word_1_215' title='bbox 329 3907 363 3962; x_wconf 88' lang='lat' dir='ltr'>et</span> <span class='ocrx_word' id='word_1_216' title='bbox 384 3898 472 3962; x_wconf 87' lang='lat' dir='ltr'>mitte</span> <span class='ocrx_word' id='word_1_217' title='bbox 494 3898 527 3961; x_wconf 90' lang='lat' dir='ltr'>in</span> <span class='ocrx_word' id='word_1_218' title='bbox 549 3921 698 3984; x_wconf 88' lang='lat' dir='ltr'>pennam.</span> <span class='ocrx_word' id='word_1_219' title='bbox 745 3899 872 3963; x_wconf 86' lang='lat' dir='ltr'>Deinde</span> <span class='ocrx_word' id='word_1_220' title='bbox 898 3899 972 3962; x_wconf 83' lang='lat' dir='ltr'>tolle</span> <span class='ocrx_word' id='word_1_221' title='bbox 986 3898 1051 3962; x_wconf 84' lang='lat' dir='ltr'>vini</span> <span class='ocrx_word' id='word_1_222' title='bbox 1072 3911 1205 3984; x_wconf 90' lang='lat' dir='ltr'>petram,</span> <span class='ocrx_word' id='word_1_223' title='bbox 1220 3922 1291 3986; x_wconf 84' lang='lat' dir='ltr'>quae</span> <span class='ocrx_word' id='word_1_224' title='bbox 1315 3902 1430 3966; x_wconf 87' lang='lat' dir='ltr'>crescit</span> 
     </span>
    </p>
   </div>
   <div class='ocr_carea' id='block_1_6' title="bbox 329 4000 1549 4089">
    <p class='ocr_par' dir='ltr' id='par_1_6' title="bbox 329 4000 1549 4089">
     <span class='ocr_line' id='line_1_28' title="bbox 329 4000 1549 4089; baseline 0.001 -24"><span class='ocrx_word' id='word_1_225' title='bbox 329 4000 459 4065; x_wconf 88' lang='lat' dir='ltr'>interius</span> <span class='ocrx_word' id='word_1_226' title='bbox 481 4001 566 4065; x_wconf 89' lang='lat' dir='ltr'>circa</span> <span class='ocrx_word' id='word_1_227' title='bbox 587 4024 674 4081; x_wconf 87' lang='lat' dir='ltr'>vasa,</span> <span class='ocrx_word' id='word_1_228' title='bbox 697 4002 731 4064; x_wconf 90' lang='lat' dir='ltr'>in</span> <span class='ocrx_word' id='word_1_229' title='bbox 754 4002 870 4089; x_wconf 90' lang='lat' dir='ltr'>quibus</span> <span class='ocrx_word' id='word_1_230' title='bbox 890 4001 1047 4087; x_wconf 89' lang='lat' dir='ltr'>optimum</span> <span class='ocrx_word' id='word_1_231' title='bbox 1073 4002 1181 4066; x_wconf 87' lang='lat' dir='ltr'>vinum</span> <span class='ocrx_word' id='word_1_232' title='bbox 1204 4002 1260 4066; x_wconf 89' lang='lat' dir='ltr'>diu</span> <span class='ocrx_word' id='word_1_233' title='bbox 1280 4004 1382 4088; x_wconf 85' lang='lat' dir='ltr'>jacet,</span> <span class='ocrx_word' id='word_1_234' title='bbox 1398 4012 1429 4067; x_wconf 86' lang='lat' dir='ltr'>et</span> <span class='ocrx_word' id='word_1_235' title='bbox 1548 4000 1549 4007; x_wconf 59' lang='lat'><em>&#39;</em></span> 
     </span>
    </p>
   </div>
   <div class='ocr_carea' id='block_1_7' title="bbox 330 4103 1429 4295">
    <p class='ocr_par' dir='ltr' id='par_1_7' title="bbox 330 4103 1429 4295">
     <span class='ocr_line' id='line_1_29' title="bbox 331 4103 1429 4192; baseline 0.001 -24"><span class='ocrx_word' id='word_1_236' title='bbox 331 4103 500 4192; x_wconf 86' lang='lat' dir='ltr'>particulas</span> <span class='ocrx_word' id='word_1_237' title='bbox 515 4105 584 4191; x_wconf 89' lang='lat' dir='ltr'>ejus</span> <span class='ocrx_word' id='word_1_238' title='bbox 598 4104 663 4191; x_wconf 88' lang='lat' dir='ltr'>liga</span> <span class='ocrx_word' id='word_1_239' title='bbox 678 4104 711 4167; x_wconf 89' lang='lat' dir='ltr'>in</span> <span class='ocrx_word' id='word_1_240' title='bbox 725 4125 843 4189; x_wconf 91' lang='lat' dir='ltr'>panno,</span> <span class='ocrx_word' id='word_1_241' title='bbox 855 4112 887 4168; x_wconf 92' lang='lat' dir='ltr'>et</span> <span class='ocrx_word' id='word_1_242' title='bbox 901 4104 993 4167; x_wconf 86' lang='lat' dir='ltr'>mitte</span> <span class='ocrx_word' id='word_1_243' title='bbox 1008 4104 1162 4191; x_wconf 91' lang='lat' dir='ltr'>inignem</span> <span class='ocrx_word' id='word_1_244' title='bbox 1178 4115 1214 4169; x_wconf 90' lang='lat' dir='ltr'>ut</span> <span class='ocrx_word' id='word_1_245' title='bbox 1223 4105 1429 4170; x_wconf 88' lang='lat' dir='ltr'>comburatur</span> 
     </span>
     <span class='ocr_line' id='line_1_30' title="bbox 330 4205 1428 4295; baseline -0.001 -22"><span class='ocrx_word' id='word_1_246' title='bbox 330 4207 452 4274; x_wconf 87' lang='lat' dir='ltr'>tamdiu</span> <span class='ocrx_word' id='word_1_247' title='bbox 466 4206 574 4283; x_wconf 72' lang='lat' dir='ltr'>dorum¹</span> <span class='ocrx_word' id='word_1_248' title='bbox 583 4206 687 4270; x_wconf 87' lang='lat' dir='ltr'>nullus</span> <span class='ocrx_word' id='word_1_249' title='bbox 703 4206 776 4270; x_wconf 90' lang='lat' dir='ltr'>iude</span> <span class='ocrx_word' id='word_1_250' title='bbox 802 4205 909 4270; x_wconf 91' lang='lat' dir='ltr'>fumus</span> <span class='ocrx_word' id='word_1_251' title='bbox 935 4207 1098 4292; x_wconf 89' lang='lat' dir='ltr'>procedat.</span> <span class='ocrx_word' id='word_1_252' title='bbox 1144 4206 1219 4283; x_wconf 88' lang='lat' dir='ltr'>Quo</span> <span class='ocrx_word' id='word_1_253' title='bbox 1234 4206 1276 4271; x_wconf 92' lang='lat' dir='ltr'>ab</span> <span class='ocrx_word' id='word_1_254' title='bbox 1291 4207 1369 4295; x_wconf 89' lang='lat' dir='ltr'>igne</span> <span class='ocrx_word' id='word_1_255' title='bbox 1384 4209 1428 4272; x_wconf 91' lang='lat' dir='ltr'>le·</span> 
     </span>
    </p>
   </div>
   <div class='ocr_carea' id='block_1_8' title="bbox 331 4284 1548 4396">
    <p class='ocr_par' dir='ltr' id='par_1_8' title="bbox 331 4284 1548 4396">
     <span class='ocr_line' id='line_1_31' title="bbox 331 4284 1548 4396; baseline -0.003 -19"><span class='ocrx_word' id='word_1_256' title='bbox 331 4321 406 4378; x_wconf 84' lang='lat' dir='ltr'>vato</span> <span class='ocrx_word' id='word_1_257' title='bbox 428 4320 461 4377; x_wconf 88' lang='lat' dir='ltr'>et</span> <span class='ocrx_word' id='word_1_258' title='bbox 476 4309 662 4395; x_wconf 87' lang='lat' dir='ltr'>refrigerato</span> <span class='ocrx_word' id='word_1_259' title='bbox 678 4308 813 4372; x_wconf 82' lang='lat' dir='ltr'>exsuffla</span> <span class='ocrx_word' id='word_1_260' title='bbox 827 4307 948 4373; x_wconf 88' lang='lat' dir='ltr'>cineres</span> <span class='ocrx_word' id='word_1_261' title='bbox 964 4310 1062 4396; x_wconf 90' lang='lat' dir='ltr'>panni</span> <span class='ocrx_word' id='word_1_262' title='bbox 1085 4318 1117 4374; x_wconf 86' lang='lat' dir='ltr'>et</span> <span class='ocrx_word' id='word_1_263' title='bbox 1138 4311 1215 4374; x_wconf 90' lang='lat' dir='ltr'>illud</span> <span class='ocrx_word' id='word_1_264' title='bbox 1230 4320 1339 4375; x_wconf 91' lang='lat' dir='ltr'>ustum</span> <span class='ocrx_word' id='word_1_265' title='bbox 1362 4321 1429 4374; x_wconf 82' lang='lat' dir='ltr'>tere</span> <span class='ocrx_word' id='word_1_266' title='bbox 1547 4284 1548 4305; x_wconf 18' lang='grc' dir='ltr'>ἶ</span> 
     </span>
    </p>
   </div>
   <div class='ocr_carea' id='block_1_9' title="bbox 330 4411 1428 4502">
    <p class='ocr_par' dir='ltr' id='par_1_9' title="bbox 330 4411 1428 4502">
     <span class='ocr_line' id='line_1_32' title="bbox 330 4411 1428 4502; baseline -0.005 -22"><span class='ocrx_word' id='word_1_267' title='bbox 330 4416 364 4479; x_wconf 88' lang='lat' dir='ltr'>in</span> <span class='ocrx_word' id='word_1_268' title='bbox 377 4437 493 4502; x_wconf 90' lang='lat' dir='ltr'>cupreo</span> <span class='ocrx_word' id='word_1_269' title='bbox 508 4435 585 4478; x_wconf 87' lang='lat' dir='ltr'>vase</span> <span class='ocrx_word' id='word_1_270' title='bbox 599 4434 672 4477; x_wconf 89' lang='lat' dir='ltr'>cum</span> <span class='ocrx_word' id='word_1_271' title='bbox 698 4411 835 4475; x_wconf 88' lang='lat' dir='ltr'>rotundo</span> <span class='ocrx_word' id='word_1_272' title='bbox 858 4411 984 4492; x_wconf 86' lang='lat' dir='ltr'>malleo,</span> <span class='ocrx_word' id='word_1_273' title='bbox 1000 4412 1144 4477; x_wconf 73' lang='lat' dir='ltr'>admixta</span> <span class='ocrx_word' id='word_1_274' title='bbox 1158 4413 1243 4498; x_wconf 76' lang='lat' dir='ltr'>aqud</span> <span class='ocrx_word' id='word_1_275' title='bbox 1256 4424 1290 4478; x_wconf 93' lang='lat' dir='ltr'>et</span> <span class='ocrx_word' id='word_1_276' title='bbox 1305 4414 1371 4478; x_wconf 87' lang='lat' dir='ltr'>sale</span> <span class='ocrx_word' id='word_1_277' title='bbox 1393 4424 1428 4475; x_wconf 86' lang='lat' dir='ltr'>ut</span> 
     </span>
    </p>
   </div>
   <div class='ocr_carea' id='block_1_10' title="bbox 0 0 1601 5190">
    <p class='ocr_par' dir='ltr' id='par_1_10' title="bbox 0 0 1601 5190">
     <span class='ocr_line' id='line_1_33' title="bbox 0 0 1601 5190; baseline 0 0"><span class='ocrx_word' id='word_1_278' title='bbox 0 0 1601 5190; x_wconf 95' lang='lat' dir='ltr'> </span> 
     </span>
    </p>
   </div>
  </div>
 </body>
</html>
