3144 5184
331 536 373 596 28
699 554 887 598 ranorurm
914 556 1016 600 masa
1040 556 1062 600 r.

331 704 462 787 dispone
478 726 557 788 opus
575 667 674 782 tirum,
691 705 836 769 videlicet
852 708 1007 793 imagines
1023 718 1078 772 aut
1093 710 1221 788 bestias,
1238 712 1287 772 vel
1303 732 1380 775 aves
1397 722 1431 775 et

331 806 414 884 folia,
431 806 496 868 sive
511 806 722 892 quodcunque
746 808 923 892 pertrahere
941 812 1084 874 volueris.
1130 810 1205 886 Quo
1221 811 1307 875 facto
1329 813 1357 875 si
1372 813 1430 876 de-

332 926 439 968 corare
456 907 590 969 volueris
614 929 694 992 opus
718 917 818 987 tuum,
834 910 900 972 auri
917 914 1054 996 petalam
1078 913 1232 998 impones,
1255 936 1354 999 quam
1371 919 1429 980 tali

331 1007 427 1071 modo
443 1008 548 1072 facies.

628 1466 856 1563 CAPUT
918 1471 1109 1566 XXIV.

721 1705 766 1746 DE
790 1705 923 1748 PETULA
946 1706 1042 1750 aum.

440 1868 524 1933 LLE
549 1890 774 1954 pergamenam
798 1869 958 1950 Gnacam,
979 1893 1051 1957 quae
1076 1873 1113 1935 fit
1133 1893 1174 1935 ex
1197 1873 1271 1935 lana
1295 1870 1372 1935 lini¹
1398 1883 1430 1936 et

415 1972 540 2037 fricabis
570 1994 640 2035 eam
670 1994 710 2035 ex
740 1980 872 2059 utmque
897 1982 985 2056 parte
1012 1994 1084 2037 cum
1108 1973 1206 2039 rubeo
1231 1975 1349 2055 colore,
1373 1975 1428 2063 qui

331 2075 525 2140 comburitur
555 2097 594 2139 ex
625 2074 790 2160 synopide,
812 2074 845 2136 id
875 2083 923 2137 est
945 2096 1033 2160 ogra,
1056 2075 1267 2141 minutissime
1296 2077 1372 2140 trito
1398 2087 1431 2140 et

332 2180 429 2260 sicco,
444 2189 477 2243 et
491 2178 590 2265 polies
606 2199 677 2241 eam
693 2176 789 2240 dente
805 2176 948 2256 castoris,
958 2178 1023 2241 sive
1041 2178 1115 2258 ursi,
1131 2178 1179 2241 vel
1200 2178 1279 2264 apri,
1294 2179 1429 2264 diligen-

330 2284 461 2363 tissime,
484 2282 587 2345 donec
610 2279 716 2344 lucida
738 2279 807 2357 fiat,
822 2288 855 2343 et
877 2279 961 2343 idem
983 2281 1070 2344 color
1091 2280 1160 2367 ipsa
1182 2280 1347 2345 fricatione
1372 2283 1429 2346 ad·

331 2384 458 2448 haereat.
499 2383 625 2447 Deinde
639 2382 744 2446 incide
759 2381 877 2466 forcipe
893 2382 993 2468 ipsam
1010 2404 1236 2469 pergamenam
1252 2404 1308 2468 per
1324 2393 1431 2469 partes

331 2486 469 2570 quadras
487 2485 528 2547 ad
545 2484 744 2547 latitudinem
766 2492 902 2570 quatuor
919 2484 1100 2570 digitorum,
1115 2484 1276 2570 equaliter
1297 2486 1382 2549 latas
1400 2496 1431 2549 et

332 2589 454 2672 longas.
508 2584 720 2649 Postmodum
743 2585 838 2650 facies
862 2586 973 2650 eadem
1000 2608 1147 2652 mensura
1170 2607 1210 2650 ex
1235 2608 1430 2673 pergameno

332 2688 419 2752 vituli
444 2687 535 2773 quasi
558 2686 762 2771 marsupium,
784 2698 818 2751 et
838 2688 960 2752 fortiter
982 2710 1127 2767 consues,
1149 2688 1194 2752 ita
1219 2689 1373 2773 amplum,
1396 2698 1432 2752 ut

333 2789 447 2852 multas
471 2796 575 2872 partes
598 2787 763 2852 rubricatae
785 2811 984 2876 pergamenae
1005 2791 1107 2876 possis
1130 2789 1308 2875 implevere.
1354 2790 1430 2866 Quo

333 2890 429 2968 facto,
444 2890 520 2954 tolle
535 2912 647 2954 summ
669 2912 782 2975 purum
804 2900 837 2955 et
860 2892 911 2956 fac
930 2892 1008 2957 illud
1028 2893 1182 2957 attenuari
1204 2893 1319 2956 malleo
1335 2915 1431 2978 super

334 2993 480 3057 incudem
498 2993 650 3079 equalem
676 2993 924 3081 diligentissime,
940 2995 994 3074 ita,
1008 3005 1044 3059 ut
1066 2996 1153 3059 nulla
1176 2994 1218 3059 sit
1237 2995 1270 3057 in
1289 3016 1327 3059 eo
1349 2995 1430 3060 frac-

333 3106 412 3174 tura,
429 3105 461 3159 et
475 3096 577 3159 incide
592 3096 670 3159 illud
684 3118 739 3182 per
753 3097 891 3182 quadras
913 3108 1018 3182 partes
1040 3097 1081 3160 ad
1097 3118 1277 3161 mensuram
1293 3096 1430 3162 duorum

332 3196 513 3282 digitorum.
561 3198 686 3262 Deinde
702 3199 808 3263 mittes
825 3199 859 3261 in
878 3199 955 3263 illud
979 3198 1172 3284 marsupium
1190 3219 1289 3261 unam
1307 3208 1430 3284 partem

332 3299 497 3363 rubricatae
523 3321 734 3386 pergamenae,
761 3310 793 3364 et
818 3322 915 3387 supra
938 3322 1008 3364 eam
1033 3323 1130 3365 unam
1154 3309 1277 3387 partem
1301 3301 1370 3365 auri
1397 3303 1430 3364 in

332 3401 447 3481 medio,
463 3402 571 3489 sicque
591 3422 818 3487 pergamenam
834 3412 866 3466 et
885 3425 991 3466 rursus
1009 3423 1138 3481 aurum3
1161 3412 1259 3488 atque
1273 3402 1318 3466 ita
1333 3403 1431 3467 facies

332 3505 433 3569 donec
457 3505 625 3591 impleatur
648 3505 855 3590 marsupium,
873 3513 906 3568 et
926 3526 1038 3568 aarum
1061 3505 1102 3568 sit
1123 3526 1248 3590 semper
1269 3505 1302 3567 in
1324 3505 1431 3570 medio

331 3608 547 3673 commixtum.
594 3605 720 3671 Dehinc
743 3605 862 3671 habeas
884 3607 1032 3671 malleum
1054 3606 1179 3671 fusilem
1201 3629 1241 3671 ex
1260 3608 1429 3686 auricalco,

326 3712 422 3795 juxta
436 3710 635 3774 manubrium
650 3710 801 3795 gracilem
823 3708 906 3772 etin
927 3709 1021 3795 plana
1041 3709 1154 3787 latum,
1170 3709 1255 3773 unde
1274 3711 1430 3795 percuties

332 3812 438 3896 ipsum
460 3811 655 3897 marsupium
679 3832 773 3897 super
793 3811 931 3896 lapidem
955 3832 1108 3897 magnum
1130 3820 1163 3875 et
1184 3812 1350 3898 aqualem,
1366 3834 1429 3875 nou

332 3914 479 3999 graviter,
493 3913 549 3976 sed
572 3912 754 3994 moderate,
778 3921 905 3976 etcum
928 3913 1043 3998 saepius
1065 3914 1248 3999 respexeris,
1269 3914 1428 3977 consider·

330 4014 409 4094 abis,
434 4024 539 4079 utrum
564 4015 642 4079 velis
673 4016 776 4101 ipsum
807 4037 919 4079 aurum
957 4015 1086 4079 omnino
1122 4023 1217 4079 tenue
1241 4015 1354 4095 facere,
1380 4014 1426 4078 vel

332 4117 530 4182 mediocriter
545 4117 690 4203 spissum.
736 4117 770 4181 si
785 4127 892 4182 autem
916 4117 1142 4203 supercreverit
1163 4139 1275 4181 aurum
1297 4117 1330 4180 in
1351 4125 1427 4180 atte-

331 4219 460 4284 nuando
482 4230 514 4284 et
535 4220 730 4306 marsupium
752 4220 933 4301 excesserit,
950 4219 1101 4305 praecides
1122 4218 1200 4282 illud
1221 4219 1341 4306 forcipe
1359 4236 1426 4305 par-

332 4323 406 4388 vulo
422 4334 454 4388 et
469 4322 540 4403 levi,
556 4323 776 4387 tantummodo
797 4323 838 4387 ad
859 4323 920 4387 hoc
945 4344 1025 4407 opus
1048 4322 1142 4387 facto.
1189 4320 1269 4386 Haec
1288 4332 1338 4387 est
1352 4320 1426 4387 ratio

715 4476 721 4503 ¹
735 4476 784 4523 “id
796 4482 831 4522 est
842 4473 968 4537 papirum,''
981 4492 1007 4524 cr
1020 4479 1046 4526 C.
1055 4479 1086 4525 R.
