<?xml version="1.0" encoding="UTF-8"?>
<!DOCTYPE html PUBLIC "-//W3C//DTD XHTML 1.0 Transitional//EN"
    "http://www.w3.org/TR/xhtml1/DTD/xhtml1-transitional.dtd">
<html xmlns="http://www.w3.org/1999/xhtml" xml:lang="en" lang="en">
 <head>
  <title>
</title>
<meta http-equiv="Content-Type" content="text/html;charset=utf-8" />
  <meta name='ocr-system' content='tesseract 3.04.00' />
  <meta name='ocr-capabilities' content='ocr_page ocr_carea ocr_par ocr_line ocrx_word'/>
</head>
<body>
  <div class='ocr_page' id='page_1' title='image "./theophiliquietr01hendgoog_0113.png"; bbox 0 0 3096 5168; ppageno 0'>
   <div class='ocr_carea' id='block_1_1' title="bbox 313 456 1044 527">
    <p class='ocr_par' dir='ltr' id='par_1_1' title="bbox 313 456 1044 527">
     <span class='ocr_line' id='line_1_1' title="bbox 313 456 1044 527; baseline 0.01 -8"><span class='ocrx_word' id='word_1_1' title='bbox 313 456 354 519; x_wconf 79' lang='lat'>44</span> <span class='ocrx_word' id='word_1_2' title='bbox 680 480 872 524; x_wconf 77' lang='lat' dir='ltr'>rusorum</span> <span class='ocrx_word' id='word_1_3' title='bbox 895 481 999 526; x_wconf 77' lang='lat' dir='ltr'>arana</span> <span class='ocrx_word' id='word_1_4' title='bbox 1022 483 1044 527; x_wconf 92' lang='lat'>1.</span> 
     </span>
    </p>
   </div>
   <div class='ocr_carea' id='block_1_2' title="bbox 309 630 1412 1636">
    <p class='ocr_par' dir='ltr' id='par_1_2' title="bbox 309 630 1412 1636">
     <span class='ocr_line' id='line_1_2' title="bbox 313 630 1412 718; baseline 0.002 -26"><span class='ocrx_word' id='word_1_5' title='bbox 313 630 385 693; x_wconf 90' lang='lat' dir='ltr'>inde</span> <span class='ocrx_word' id='word_1_6' title='bbox 401 630 533 693; x_wconf 89' lang='lat' dir='ltr'>tortulas</span> <span class='ocrx_word' id='word_1_7' title='bbox 549 631 581 693; x_wconf 93' lang='lat' dir='ltr'>in</span> <span class='ocrx_word' id='word_1_8' title='bbox 597 631 831 695; x_wconf 88' lang='lat' dir='ltr'>similitudinem</span> <span class='ocrx_word' id='word_1_9' title='bbox 847 634 949 718; x_wconf 90' lang='lat' dir='ltr'>panis,</span> <span class='ocrx_word' id='word_1_10' title='bbox 965 634 1155 718; x_wconf 89' lang='lat' dir='ltr'>mittensque</span> <span class='ocrx_word' id='word_1_11' title='bbox 1170 656 1223 697; x_wconf 88' lang='lat' dir='ltr'>eas</span> <span class='ocrx_word' id='word_1_12' title='bbox 1245 632 1277 695; x_wconf 89' lang='lat' dir='ltr'>in</span> <span class='ocrx_word' id='word_1_13' title='bbox 1293 632 1412 717; x_wconf 82' lang='lat' dir='ltr'>ignem,</span> 
     </span>
     <span class='ocr_line' id='line_1_3' title="bbox 312 731 1412 821; baseline 0.003 -27"><span class='ocrx_word' id='word_1_14' title='bbox 312 731 379 794; x_wconf 87' lang='lat' dir='ltr'>sine</span> <span class='ocrx_word' id='word_1_15' title='bbox 401 732 502 795; x_wconf 90' lang='lat' dir='ltr'>donec</span> <span class='ocrx_word' id='word_1_16' title='bbox 526 733 656 796; x_wconf 90' lang='lat' dir='ltr'>omnino</span> <span class='ocrx_word' id='word_1_17' title='bbox 686 734 890 798; x_wconf 80' lang='lat' dir='ltr'><strong>candescant.</strong></span> <span class='ocrx_word' id='word_1_18' title='bbox 938 734 1116 821; x_wconf 88' lang='lat' dir='ltr'>Postquam</span> <span class='ocrx_word' id='word_1_19' title='bbox 1137 744 1211 799; x_wconf 88' lang='lat' dir='ltr'>ante</span> <span class='ocrx_word' id='word_1_20' title='bbox 1233 733 1412 797; x_wconf 83' lang='lat' dir='ltr'>diutissime</span> 
     </span>
     <span class='ocr_line' id='line_1_4' title="bbox 311 833 1412 923; baseline 0.004 -27"><span class='ocrx_word' id='word_1_21' title='bbox 311 833 507 912; x_wconf 87' lang='lat' dir='ltr'>canduerint,</span> <span class='ocrx_word' id='word_1_22' title='bbox 523 843 554 896; x_wconf 92' lang='lat' dir='ltr'>et</span> <span class='ocrx_word' id='word_1_23' title='bbox 577 845 687 919; x_wconf 87' lang='lat' dir='ltr'>postea</span> <span class='ocrx_word' id='word_1_24' title='bbox 703 834 876 920; x_wconf 86' lang='lat' dir='ltr'>friguerint,</span> <span class='ocrx_word' id='word_1_25' title='bbox 893 836 983 900; x_wconf 91' lang='lat' dir='ltr'>mitte</span> <span class='ocrx_word' id='word_1_26' title='bbox 1006 837 1081 901; x_wconf 90' lang='lat' dir='ltr'>inde</span> <span class='ocrx_word' id='word_1_27' title='bbox 1097 837 1265 923; x_wconf 89' lang='lat' dir='ltr'>partemin</span> <span class='ocrx_word' id='word_1_28' title='bbox 1281 859 1340 900; x_wconf 87' lang='lat' dir='ltr'>vas</span> <span class='ocrx_word' id='word_1_29' title='bbox 1355 838 1412 900; x_wconf 87' lang='lat' dir='ltr'>lic-</span> 
     </span>
     <span class='ocr_line' id='line_1_5' title="bbox 311 935 1409 1025; baseline 0.003 -27"><span class='ocrx_word' id='word_1_30' title='bbox 311 935 374 1015; x_wconf 83' lang='lat' dir='ltr'>tile,</span> <span class='ocrx_word' id='word_1_31' title='bbox 385 935 576 1020; x_wconf 85' lang='lat' dir='ltr'>per·fundens</span> <span class='ocrx_word' id='word_1_32' title='bbox 589 936 691 1015; x_wconf 69' lang='lat' dir='ltr'>urinis,</span> <span class='ocrx_word' id='word_1_33' title='bbox 701 946 733 999; x_wconf 93' lang='lat' dir='ltr'>et</span> <span class='ocrx_word' id='word_1_34' title='bbox 743 958 835 1001; x_wconf 86' lang='lat' dir='ltr'>move</span> <span class='ocrx_word' id='word_1_35' title='bbox 848 938 945 1024; x_wconf 91' lang='lat' dir='ltr'>lign0.</span> <span class='ocrx_word' id='word_1_36' title='bbox 975 938 1121 1025; x_wconf 86' lang='lat' dir='ltr'>Cumque</span> <span class='ocrx_word' id='word_1_37' title='bbox 1132 938 1284 1003; x_wconf 89' lang='lat' dir='ltr'>resederit</span> <span class='ocrx_word' id='word_1_38' title='bbox 1295 938 1409 1018; x_wconf 89' lang='lat' dir='ltr'>lucide,</span> 
     </span>
     <span class='ocr_line' id='line_1_6' title="bbox 312 1036 1411 1126; baseline 0.004 -28"><span class='ocrx_word' id='word_1_39' title='bbox 312 1036 465 1121; x_wconf 76' lang='lat' dir='ltr'>perfunde</span> <span class='ocrx_word' id='word_1_40' title='bbox 488 1037 560 1101; x_wconf 89' lang='lat' dir='ltr'>inde</span> <span class='ocrx_word' id='word_1_41' title='bbox 583 1039 714 1102; x_wconf 89' lang='lat' dir='ltr'>rubeum</span> <span class='ocrx_word' id='word_1_42' title='bbox 738 1038 860 1118; x_wconf 83' lang='lat' dir='ltr'>folium,</span> <span class='ocrx_word' id='word_1_43' title='bbox 882 1049 914 1103; x_wconf 93' lang='lat' dir='ltr'>et</span> <span class='ocrx_word' id='word_1_44' title='bbox 939 1047 1044 1104; x_wconf 85' lang='lat' dir='ltr'>terens</span> <span class='ocrx_word' id='word_1_45' title='bbox 1067 1041 1143 1104; x_wconf 89' lang='lat' dir='ltr'>illud</span> <span class='ocrx_word' id='word_1_46' title='bbox 1168 1040 1293 1104; x_wconf 91' lang='lat' dir='ltr'>modice</span> <span class='ocrx_word' id='word_1_47' title='bbox 1316 1062 1411 1126; x_wconf 90' lang='lat' dir='ltr'>super</span> 
     </span>
     <span class='ocr_line' id='line_1_7' title="bbox 312 1138 1411 1226; baseline 0.004 -25"><span class='ocrx_word' id='word_1_48' title='bbox 312 1138 460 1225; x_wconf 84' lang='lat' dir='ltr'>lapidem,</span> <span class='ocrx_word' id='word_1_49' title='bbox 484 1140 567 1203; x_wconf 85' lang='lat' dir='ltr'>adde</span> <span class='ocrx_word' id='word_1_50' title='bbox 585 1139 613 1203; x_wconf 92' lang='lat' dir='ltr'>ei</span> <span class='ocrx_word' id='word_1_51' title='bbox 632 1148 778 1226; x_wconf 81' lang='lat' dir='ltr'>quartam</span> <span class='ocrx_word' id='word_1_52' title='bbox 797 1149 918 1226; x_wconf 84' lang='lat' dir='ltr'>partem</span> <span class='ocrx_word' id='word_1_53' title='bbox 934 1140 1013 1205; x_wconf 87' lang='lat' dir='ltr'>vivae</span> <span class='ocrx_word' id='word_1_54' title='bbox 1028 1142 1135 1222; x_wconf 88' lang='lat' dir='ltr'>calcis,</span> <span class='ocrx_word' id='word_1_55' title='bbox 1149 1151 1183 1206; x_wconf 91' lang='lat' dir='ltr'>et</span> <span class='ocrx_word' id='word_1_56' title='bbox 1205 1164 1279 1206; x_wconf 89' lang='lat' dir='ltr'>cum</span> <span class='ocrx_word' id='word_1_57' title='bbox 1300 1142 1411 1206; x_wconf 90' lang='lat' dir='ltr'>tritum</span> 
     </span>
     <span class='ocr_line' id='line_1_8' title="bbox 311 1240 1410 1329; baseline 0.005 -26"><span class='ocrx_word' id='word_1_58' title='bbox 311 1240 403 1305; x_wconf 84' lang='lat' dir='ltr'>fuerit</span> <span class='ocrx_word' id='word_1_59' title='bbox 417 1262 455 1305; x_wconf 87' lang='lat' dir='ltr'>ac</span> <span class='ocrx_word' id='word_1_60' title='bbox 470 1241 661 1305; x_wconf 88' lang='lat' dir='ltr'>sufficienter</span> <span class='ocrx_word' id='word_1_61' title='bbox 673 1241 843 1326; x_wconf 83' lang='lat' dir='ltr'>perfusum,</span> <span class='ocrx_word' id='word_1_62' title='bbox 855 1243 926 1306; x_wconf 90' lang='lat' dir='ltr'>cola</span> <span class='ocrx_word' id='word_1_63' title='bbox 941 1242 1018 1307; x_wconf 91' lang='lat' dir='ltr'>illud</span> <span class='ocrx_word' id='word_1_64' title='bbox 1034 1265 1091 1328; x_wconf 92' lang='lat' dir='ltr'>per</span> <span class='ocrx_word' id='word_1_65' title='bbox 1105 1265 1257 1329; x_wconf 87' lang='lat' dir='ltr'>pannum,</span> <span class='ocrx_word' id='word_1_66' title='bbox 1272 1254 1307 1308; x_wconf 89' lang='lat' dir='ltr'>et</span> <span class='ocrx_word' id='word_1_67' title='bbox 1322 1244 1410 1308; x_wconf 83' lang='lat' dir='ltr'>trahe</span> 
     </span>
     <span class='ocr_line' id='line_1_9' title="bbox 310 1342 1410 1432; baseline 0.002 -26"><span class='ocrx_word' id='word_1_68' title='bbox 310 1365 383 1406; x_wconf 90' lang='lat' dir='ltr'>cum</span> <span class='ocrx_word' id='word_1_69' title='bbox 399 1342 531 1428; x_wconf 86' lang='lat' dir='ltr'>pincello</span> <span class='ocrx_word' id='word_1_70' title='bbox 546 1342 601 1406; x_wconf 92' lang='lat' dir='ltr'>ubi</span> <span class='ocrx_word' id='word_1_71' title='bbox 616 1342 752 1408; x_wconf 88' lang='lat' dir='ltr'>volueris</span> <span class='ocrx_word' id='word_1_72' title='bbox 768 1352 872 1425; x_wconf 77' lang='lat' dir='ltr'>tenue,</span> <span class='ocrx_word' id='word_1_73' title='bbox 888 1344 1001 1410; x_wconf 88' lang='lat' dir='ltr'>deinde</span> <span class='ocrx_word' id='word_1_74' title='bbox 1016 1346 1158 1432; x_wconf 81' lang='lat' dir='ltr'>spissius.</span> <span class='ocrx_word' id='word_1_75' title='bbox 1204 1345 1248 1409; x_wconf 88' lang='lat' dir='ltr'>Et</span> <span class='ocrx_word' id='word_1_76' title='bbox 1264 1346 1290 1410; x_wconf 90' lang='lat' dir='ltr'>si</span> <span class='ocrx_word' id='word_1_77' title='bbox 1306 1347 1410 1432; x_wconf 87' lang='lat' dir='ltr'>placet</span> 
     </span>
     <span class='ocr_line' id='line_1_10' title="bbox 309 1444 1408 1534; baseline 0.003 -26"><span class='ocrx_word' id='word_1_78' title='bbox 309 1444 545 1508; x_wconf 91' lang='lat' dir='ltr'>similitudinem</span> <span class='ocrx_word' id='word_1_79' title='bbox 574 1446 661 1531; x_wconf 91' lang='lat' dir='ltr'>pallii</span> <span class='ocrx_word' id='word_1_80' title='bbox 686 1445 720 1510; x_wconf 91' lang='lat' dir='ltr'>in</span> <span class='ocrx_word' id='word_1_81' title='bbox 742 1445 860 1532; x_wconf 89' lang='lat' dir='ltr'>pagina</span> <span class='ocrx_word' id='word_1_82' title='bbox 882 1447 985 1512; x_wconf 84' lang='lat' dir='ltr'>facere</span> <span class='ocrx_word' id='word_1_83' title='bbox 1007 1469 1165 1534; x_wconf 88' lang='lat' dir='ltr'>purpureo</span> <span class='ocrx_word' id='word_1_84' title='bbox 1187 1448 1273 1527; x_wconf 83' lang='lat' dir='ltr'>folio,</span> <span class='ocrx_word' id='word_1_85' title='bbox 1295 1447 1408 1512; x_wconf 90' lang='lat' dir='ltr'>eodem</span> 
     </span>
     <span class='ocr_line' id='line_1_11' title="bbox 309 1548 1409 1636; baseline 0.002 -25"><span class='ocrx_word' id='word_1_86' title='bbox 309 1556 557 1633; x_wconf 87' lang='lat' dir='ltr'>temperamento</span> <span class='ocrx_word' id='word_1_87' title='bbox 580 1548 646 1612; x_wconf 87' lang='lat' dir='ltr'>sine</span> <span class='ocrx_word' id='word_1_88' title='bbox 669 1549 755 1613; x_wconf 82' lang='lat' dir='ltr'>calce</span> <span class='ocrx_word' id='word_1_89' title='bbox 778 1548 915 1635; x_wconf 86' lang='lat' dir='ltr'>perfuso,</span> <span class='ocrx_word' id='word_1_90' title='bbox 938 1550 1033 1636; x_wconf 83' lang='lat' dir='ltr'>pinge</span> <span class='ocrx_word' id='word_1_91' title='bbox 1057 1550 1161 1636; x_wconf 71' lang='lat' dir='ltr'>pennis</span> <span class='ocrx_word' id='word_1_92' title='bbox 1184 1550 1269 1635; x_wconf 91' lang='lat' dir='ltr'>prius</span> <span class='ocrx_word' id='word_1_93' title='bbox 1291 1550 1327 1613; x_wconf 92' lang='lat' dir='ltr'>in</span> <span class='ocrx_word' id='word_1_94' title='bbox 1341 1550 1409 1636; x_wconf 86' lang='lat' dir='ltr'>ipsa</span> 
     </span>
    </p>
   </div>
   <div class='ocr_carea' id='block_1_3' title="bbox 310 1648 1521 1735">
    <p class='ocr_par' dir='ltr' id='par_1_3' title="bbox 310 1648 1521 1735">
     <span class='ocr_line' id='line_1_12' title="bbox 310 1648 1521 1735; baseline 0.002 -24"><span class='ocrx_word' id='word_1_95' title='bbox 310 1648 427 1735; x_wconf 87' lang='lat' dir='ltr'>pagina</span> <span class='ocrx_word' id='word_1_96' title='bbox 448 1649 550 1712; x_wconf 92' lang='lat' dir='ltr'>nodos</span> <span class='ocrx_word' id='word_1_97' title='bbox 572 1650 621 1713; x_wconf 87' lang='lat' dir='ltr'>rel</span> <span class='ocrx_word' id='word_1_98' title='bbox 643 1649 787 1731; x_wconf 90' lang='lat' dir='ltr'>circulos,</span> <span class='ocrx_word' id='word_1_99' title='bbox 810 1661 842 1714; x_wconf 92' lang='lat' dir='ltr'>et</span> <span class='ocrx_word' id='word_1_100' title='bbox 864 1651 995 1715; x_wconf 88' lang='lat' dir='ltr'>interius</span> <span class='ocrx_word' id='word_1_101' title='bbox 1024 1672 1100 1714; x_wconf 81' lang='lat' dir='ltr'>aves</span> <span class='ocrx_word' id='word_1_102' title='bbox 1126 1651 1192 1715; x_wconf 83' lang='lat' dir='ltr'>sire</span> <span class='ocrx_word' id='word_1_103' title='bbox 1214 1651 1335 1715; x_wconf 85' lang='lat' dir='ltr'>bestias</span> <span class='ocrx_word' id='word_1_104' title='bbox 1357 1660 1410 1715; x_wconf 87' lang='lat' dir='ltr'>aut</span> <span class='ocrx_word' id='word_1_105' title='bbox 1515 1700 1521 1713; x_wconf 94' lang='lat'><em>.</em></span> 
     </span>
    </p>
   </div>
   <div class='ocr_carea' id='block_1_4' title="bbox 311 1751 1409 1941">
    <p class='ocr_par' dir='ltr' id='par_1_4' title="bbox 311 1751 1409 1941">
     <span class='ocr_line' id='line_1_13' title="bbox 312 1751 1408 1839; baseline 0.003 -24"><span class='ocrx_word' id='word_1_106' title='bbox 312 1751 405 1830; x_wconf 85' lang='lat' dir='ltr'>folia;</span> <span class='ocrx_word' id='word_1_107' title='bbox 429 1759 547 1814; x_wconf 90' lang='lat' dir='ltr'>etcum</span> <span class='ocrx_word' id='word_1_108' title='bbox 566 1751 684 1815; x_wconf 89' lang='lat' dir='ltr'>siccum</span> <span class='ocrx_word' id='word_1_109' title='bbox 711 1752 812 1832; x_wconf 87' lang='lat' dir='ltr'>fuerit,</span> <span class='ocrx_word' id='word_1_110' title='bbox 829 1752 918 1817; x_wconf 90' lang='lat' dir='ltr'>linies</span> <span class='ocrx_word' id='word_1_111' title='bbox 939 1776 995 1839; x_wconf 89' lang='lat' dir='ltr'>per</span> <span class='ocrx_word' id='word_1_112' title='bbox 1017 1752 1123 1817; x_wconf 87' lang='lat' dir='ltr'>omnia</span> <span class='ocrx_word' id='word_1_113' title='bbox 1149 1754 1283 1817; x_wconf 91' lang='lat' dir='ltr'>rubeum</span> <span class='ocrx_word' id='word_1_114' title='bbox 1297 1754 1408 1819; x_wconf 90' lang='lat' dir='ltr'>folium</span> 
     </span>
     <span class='ocr_line' id='line_1_14' title="bbox 311 1852 1409 1941; baseline 0.005 -27"><span class='ocrx_word' id='word_1_115' title='bbox 311 1861 415 1929; x_wconf 85' lang='lat' dir='ltr'>tenue,</span> <span class='ocrx_word' id='word_1_116' title='bbox 439 1852 552 1916; x_wconf 87' lang='lat' dir='ltr'>deinde</span> <span class='ocrx_word' id='word_1_117' title='bbox 573 1853 713 1939; x_wconf 87' lang='lat' dir='ltr'>spissius,</span> <span class='ocrx_word' id='word_1_118' title='bbox 739 1862 772 1917; x_wconf 90' lang='lat' dir='ltr'>et</span> <span class='ocrx_word' id='word_1_119' title='bbox 795 1856 888 1919; x_wconf 86' lang='lat' dir='ltr'>tertio</span> <span class='ocrx_word' id='word_1_120' title='bbox 911 1856 938 1919; x_wconf 91' lang='lat' dir='ltr'>si</span> <span class='ocrx_word' id='word_1_121' title='bbox 965 1856 1005 1919; x_wconf 91' lang='lat' dir='ltr'>sit</span> <span class='ocrx_word' id='word_1_122' title='bbox 1024 1878 1123 1941; x_wconf 90' lang='lat' dir='ltr'>opus;</span> <span class='ocrx_word' id='word_1_123' title='bbox 1146 1878 1185 1919; x_wconf 88' lang='lat' dir='ltr'>ac</span> <span class='ocrx_word' id='word_1_124' title='bbox 1203 1858 1409 1941; x_wconf 88' lang='lat' dir='ltr'>postmodum</span> 
     </span>
    </p>
   </div>
   <div class='ocr_carea' id='block_1_5' title="bbox 312 1955 1528 2044">
    <p class='ocr_par' dir='ltr' id='par_1_5' title="bbox 312 1955 1528 2044">
     <span class='ocr_line' id='line_1_15' title="bbox 312 1955 1528 2044; baseline 0.004 -26"><span class='ocrx_word' id='word_1_125' title='bbox 312 1955 400 2019; x_wconf 92' lang='lat' dir='ltr'>linies</span> <span class='ocrx_word' id='word_1_126' title='bbox 415 1955 550 2040; x_wconf 85' lang='lat' dir='ltr'>desuper</span> <span class='ocrx_word' id='word_1_127' title='bbox 565 1966 659 2019; x_wconf 89' lang='lat' dir='ltr'>tenue</span> <span class='ocrx_word' id='word_1_128' title='bbox 668 1966 757 2019; x_wconf 88' lang='lat' dir='ltr'>vetus</span> <span class='ocrx_word' id='word_1_129' title='bbox 768 1957 898 2036; x_wconf 89' lang='lat' dir='ltr'>clarum,</span> <span class='ocrx_word' id='word_1_130' title='bbox 914 1958 981 2021; x_wconf 89' lang='lat' dir='ltr'>sine</span> <span class='ocrx_word' id='word_1_131' title='bbox 993 1979 1076 2044; x_wconf 87' lang='lat' dir='ltr'>aqua</span> <span class='ocrx_word' id='word_1_132' title='bbox 1088 1980 1281 2044; x_wconf 90' lang='lat' dir='ltr'>percussum.</span> <span class='ocrx_word' id='word_1_133' title='bbox 1330 1959 1409 2023; x_wconf 91' lang='lat' dir='ltr'>Pur·</span> <span class='ocrx_word' id='word_1_134' title='bbox 1527 1964 1528 1983; x_wconf 66' lang='lat'>¹</span> 
     </span>
    </p>
   </div>
   <div class='ocr_carea' id='block_1_6' title="bbox 309 2058 1408 2653">
    <p class='ocr_par' dir='ltr' id='par_1_6' title="bbox 309 2058 1408 2653">
     <span class='ocr_line' id='line_1_16' title="bbox 311 2058 1407 2146; baseline 0.003 -24"><span class='ocrx_word' id='word_1_135' title='bbox 311 2080 441 2145; x_wconf 90' lang='lat' dir='ltr'>pureum</span> <span class='ocrx_word' id='word_1_136' title='bbox 462 2058 571 2122; x_wconf 82' lang='lat' dir='ltr'>solium</span> <span class='ocrx_word' id='word_1_137' title='bbox 595 2068 627 2122; x_wconf 91' lang='lat' dir='ltr'>et</span> <span class='ocrx_word' id='word_1_138' title='bbox 646 2058 825 2144; x_wconf 90' lang='lat' dir='ltr'>saphireum</span> <span class='ocrx_word' id='word_1_139' title='bbox 845 2080 911 2122; x_wconf 92' lang='lat' dir='ltr'>non</span> <span class='ocrx_word' id='word_1_140' title='bbox 934 2069 1026 2139; x_wconf 85' lang='lat' dir='ltr'>teres,</span> <span class='ocrx_word' id='word_1_141' title='bbox 1045 2059 1100 2123; x_wconf 87' lang='lat' dir='ltr'>sed</span> <span class='ocrx_word' id='word_1_142' title='bbox 1119 2060 1274 2146; x_wconf 85' lang='lat' dir='ltr'>perfunde</span> <span class='ocrx_word' id='word_1_143' title='bbox 1295 2062 1407 2125; x_wconf 89' lang='lat' dir='ltr'>eodem</span> 
     </span>
     <span class='ocr_line' id='line_1_17' title="bbox 309 2160 1407 2247; baseline 0.001 -23"><span class='ocrx_word' id='word_1_144' title='bbox 309 2171 558 2247; x_wconf 88' lang='lat' dir='ltr'>temperamento</span> <span class='ocrx_word' id='word_1_145' title='bbox 576 2161 609 2224; x_wconf 91' lang='lat' dir='ltr'>in</span> <span class='ocrx_word' id='word_1_146' title='bbox 629 2161 754 2225; x_wconf 89' lang='lat' dir='ltr'>concha</span> <span class='ocrx_word' id='word_1_147' title='bbox 782 2161 850 2224; x_wconf 89' lang='lat' dir='ltr'>sine</span> <span class='ocrx_word' id='word_1_148' title='bbox 870 2161 968 2239; x_wconf 89' lang='lat' dir='ltr'>calce,</span> <span class='ocrx_word' id='word_1_149' title='bbox 990 2169 1023 2225; x_wconf 89' lang='lat' dir='ltr'>et</span> <span class='ocrx_word' id='word_1_150' title='bbox 1047 2182 1140 2224; x_wconf 87' lang='lat' dir='ltr'>move</span> <span class='ocrx_word' id='word_1_151' title='bbox 1159 2160 1256 2246; x_wconf 88' lang='lat' dir='ltr'>ligno,</span> <span class='ocrx_word' id='word_1_152' title='bbox 1279 2170 1313 2225; x_wconf 88' lang='lat' dir='ltr'>et</span> <span class='ocrx_word' id='word_1_153' title='bbox 1336 2184 1407 2226; x_wconf 90' lang='lat' dir='ltr'>cnm</span> 
     </span>
     <span class='ocr_line' id='line_1_18' title="bbox 310 2262 1408 2352; baseline 0.001 -26"><span class='ocrx_word' id='word_1_154' title='bbox 310 2285 366 2348; x_wconf 91' lang='lat' dir='ltr'>per</span> <span class='ocrx_word' id='word_1_155' title='bbox 403 2272 530 2328; x_wconf 87' lang='lat' dir='ltr'>noctem</span> <span class='ocrx_word' id='word_1_156' title='bbox 560 2265 689 2343; x_wconf 89' lang='lat' dir='ltr'>steterit,</span> <span class='ocrx_word' id='word_1_157' title='bbox 725 2263 757 2325; x_wconf 92' lang='lat' dir='ltr'>in</span> <span class='ocrx_word' id='word_1_158' title='bbox 784 2262 956 2325; x_wconf 88' lang='lat' dir='ltr'>crastinum</span> <span class='ocrx_word' id='word_1_159' title='bbox 989 2285 1072 2347; x_wconf 89' lang='lat' dir='ltr'>pone</span> <span class='ocrx_word' id='word_1_160' title='bbox 1109 2263 1408 2352; x_wconf 84' lang='lat' dir='ltr'>quomodocumque</span> 
     </span>
     <span class='ocr_line' id='line_1_19' title="bbox 309 2363 1406 2451; baseline 0.002 -23"><span class='ocrx_word' id='word_1_161' title='bbox 309 2366 445 2429; x_wconf 90' lang='lat' dir='ltr'>volueris</span> <span class='ocrx_word' id='word_1_162' title='bbox 459 2366 549 2430; x_wconf 89' lang='lat' dir='ltr'>linies</span> <span class='ocrx_word' id='word_1_163' title='bbox 571 2367 656 2430; x_wconf 88' lang='lat' dir='ltr'>claro</span> <span class='ocrx_word' id='word_1_164' title='bbox 679 2365 831 2451; x_wconf 89' lang='lat' dir='ltr'>superius.</span> <span class='ocrx_word' id='word_1_165' title='bbox 878 2363 1077 2429; x_wconf 77' lang='lat' dir='ltr'>Vestimenta</span> <span class='ocrx_word' id='word_1_166' title='bbox 1099 2385 1227 2450; x_wconf 89' lang='lat' dir='ltr'>quoque</span> <span class='ocrx_word' id='word_1_167' title='bbox 1247 2376 1281 2429; x_wconf 88' lang='lat' dir='ltr'>et</span> <span class='ocrx_word' id='word_1_168' title='bbox 1300 2366 1406 2430; x_wconf 90' lang='lat' dir='ltr'>omnia</span> 
     </span>
     <span class='ocr_line' id='line_1_20' title="bbox 309 2465 1406 2555; baseline 0.003 -25"><span class='ocrx_word' id='word_1_169' title='bbox 309 2491 380 2555; x_wconf 83' lang='lat' dir='ltr'>quae</span> <span class='ocrx_word' id='word_1_170' title='bbox 394 2468 469 2531; x_wconf 84' lang='lat' dir='ltr'>folio</span> <span class='ocrx_word' id='word_1_171' title='bbox 484 2476 516 2531; x_wconf 89' lang='lat' dir='ltr'>et</span> <span class='ocrx_word' id='word_1_172' title='bbox 536 2468 655 2531; x_wconf 84' lang='lat' dir='ltr'>carmin</span> <span class='ocrx_word' id='word_1_173' title='bbox 676 2468 824 2555; x_wconf 85' lang='lat' dir='ltr'>pinxeris,</span> <span class='ocrx_word' id='word_1_174' title='bbox 848 2467 932 2531; x_wconf 89' lang='lat' dir='ltr'>claro</span> <span class='ocrx_word' id='word_1_175' title='bbox 954 2466 1148 2552; x_wconf 89' lang='lat' dir='ltr'>superlinies.</span> <span class='ocrx_word' id='word_1_176' title='bbox 1192 2465 1326 2533; x_wconf 86' lang='lat' dir='ltr'>Cineres</span> <span class='ocrx_word' id='word_1_177' title='bbox 1352 2491 1406 2532; x_wconf 87' lang='lat' dir='ltr'>au-</span> 
     </span>
     <span class='ocr_line' id='line_1_21' title="bbox 310 2567 1277 2653; baseline 0.001 -20"><span class='ocrx_word' id='word_1_178' title='bbox 310 2579 374 2633; x_wconf 86' lang='lat' dir='ltr'>tem</span> <span class='ocrx_word' id='word_1_179' title='bbox 389 2578 508 2648; x_wconf 89' lang='lat' dir='ltr'>coctos,</span> <span class='ocrx_word' id='word_1_180' title='bbox 523 2569 579 2653; x_wconf 92' lang='lat' dir='ltr'>qui</span> <span class='ocrx_word' id='word_1_181' title='bbox 594 2568 808 2648; x_wconf 87' lang='lat' dir='ltr'>remanserint,</span> <span class='ocrx_word' id='word_1_182' title='bbox 824 2589 949 2631; x_wconf 88' lang='lat' dir='ltr'>servare</span> <span class='ocrx_word' id='word_1_183' title='bbox 963 2567 1019 2632; x_wconf 92' lang='lat' dir='ltr'>diu</span> <span class='ocrx_word' id='word_1_184' title='bbox 1035 2568 1151 2653; x_wconf 86' lang='lat' dir='ltr'>poteris</span> <span class='ocrx_word' id='word_1_185' title='bbox 1166 2568 1277 2636; x_wconf 87' lang='lat' dir='ltr'>siccos.</span> 
     </span>
    </p>
   </div>
   <div class='ocr_carea' id='block_1_7' title="bbox 581 3003 1124 3103">
    <p class='ocr_par' dir='ltr' id='par_1_7' title="bbox 581 3003 1124 3103">
     <span class='ocr_line' id='line_1_22' title="bbox 581 3003 1124 3103; baseline -0.007 0"><span class='ocrx_word' id='word_1_186' title='bbox 581 3003 818 3103; x_wconf 80' lang='lat' dir='ltr'><strong>CAPUT</strong></span> <span class='ocrx_word' id='word_1_187' title='bbox 875 3003 1124 3100; x_wconf 88' lang='lat' dir='ltr'>XXXVI.</span> 
     </span>
    </p>
   </div>
   <div class='ocr_carea' id='block_1_8' title="bbox 730 3221 983 3268">
    <p class='ocr_par' dir='ltr' id='par_1_8' title="bbox 730 3221 983 3268">
     <span class='ocr_line' id='line_1_23' title="bbox 730 3221 983 3268; baseline 0.004 -1"><span class='ocrx_word' id='word_1_188' title='bbox 730 3224 776 3267; x_wconf 83' lang='lat' dir='ltr'>DE</span> <span class='ocrx_word' id='word_1_189' title='bbox 799 3221 983 3268; x_wconf 70' lang='lat' dir='ltr'>canonum.</span> 
     </span>
    </p>
   </div>
   <div class='ocr_carea' id='block_1_9' title="bbox 305 3370 1403 4376">
    <p class='ocr_par' dir='ltr' id='par_1_9' title="bbox 370 3370 1403 3458">
     <span class='ocr_line' id='line_1_24' title="bbox 370 3370 1403 3458; baseline 0 -23"><span class='ocrx_word' id='word_1_190' title='bbox 370 3371 385 3435; x_wconf 92' lang='lat' dir='ltr'>I</span> <span class='ocrx_word' id='word_1_191' title='bbox 410 3371 568 3437; x_wconf 88' lang='lat' dir='ltr'>desideras</span> <span class='ocrx_word' id='word_1_192' title='bbox 594 3373 778 3437; x_wconf 89' lang='lat' dir='ltr'>cenobrium</span> <span class='ocrx_word' id='word_1_193' title='bbox 800 3393 1000 3458; x_wconf 84' lang='lat' dir='ltr'>componere,</span> <span class='ocrx_word' id='word_1_194' title='bbox 1029 3373 1120 3436; x_wconf 86' lang='lat' dir='ltr'>tolles</span> <span class='ocrx_word' id='word_1_195' title='bbox 1144 3370 1287 3457; x_wconf 89' lang='lat' dir='ltr'>sulphur,</span> <span class='ocrx_word' id='word_1_196' title='bbox 1314 3372 1403 3457; x_wconf 88' lang='lat' dir='ltr'>cujus</span> 
     </span>
    </p>

    <p class='ocr_par' dir='ltr' id='par_1_10' title="bbox 305 3473 1403 4376">
     <span class='ocr_line' id='line_1_25' title="bbox 389 3473 1403 3561; baseline -0.004 -22"><span class='ocrx_word' id='word_1_197' title='bbox 389 3484 463 3539; x_wconf 90' lang='lat' dir='ltr'>sunt</span> <span class='ocrx_word' id='word_1_198' title='bbox 476 3475 535 3539; x_wconf 89' lang='lat' dir='ltr'>tria</span> <span class='ocrx_word' id='word_1_199' title='bbox 553 3496 679 3561; x_wconf 89' lang='lat' dir='ltr'>genera,</span> <span class='ocrx_word' id='word_1_200' title='bbox 695 3474 815 3553; x_wconf 91' lang='lat' dir='ltr'>album,</span> <span class='ocrx_word' id='word_1_201' title='bbox 830 3474 956 3560; x_wconf 85' lang='lat' dir='ltr'>nigrum</span> <span class='ocrx_word' id='word_1_202' title='bbox 982 3482 1015 3538; x_wconf 88' lang='lat' dir='ltr'>et</span> <span class='ocrx_word' id='word_1_203' title='bbox 1036 3496 1194 3554; x_wconf 88' lang='lat' dir='ltr'>croceum,</span> <span class='ocrx_word' id='word_1_204' title='bbox 1209 3473 1296 3559; x_wconf 88' lang='lat' dir='ltr'>quod</span> <span class='ocrx_word' id='word_1_205' title='bbox 1320 3473 1403 3536; x_wconf 89' lang='lat' dir='ltr'>fran-</span> 
     </span>
     <span class='ocr_line' id='line_1_26' title="bbox 307 3575 1402 3662; baseline 0 -22"><span class='ocrx_word' id='word_1_206' title='bbox 307 3598 386 3661; x_wconf 88' lang='lat' dir='ltr'>gens</span> <span class='ocrx_word' id='word_1_207' title='bbox 400 3598 494 3662; x_wconf 88' lang='lat' dir='ltr'>super</span> <span class='ocrx_word' id='word_1_208' title='bbox 508 3576 646 3662; x_wconf 81' lang='lat' dir='ltr'>lapidem</span> <span class='ocrx_word' id='word_1_209' title='bbox 666 3577 796 3654; x_wconf 86' lang='lat' dir='ltr'>siccum,</span> <span class='ocrx_word' id='word_1_210' title='bbox 812 3576 895 3639; x_wconf 88' lang='lat' dir='ltr'>adde</span> <span class='ocrx_word' id='word_1_211' title='bbox 915 3576 943 3639; x_wconf 89' lang='lat' dir='ltr'>ei</span> <span class='ocrx_word' id='word_1_212' title='bbox 965 3575 1045 3640; x_wconf 88' lang='lat' dir='ltr'>duas</span> <span class='ocrx_word' id='word_1_213' title='bbox 1065 3585 1170 3661; x_wconf 89' lang='lat' dir='ltr'>partes</span> <span class='ocrx_word' id='word_1_214' title='bbox 1187 3575 1250 3638; x_wconf 85' lang='lat' dir='ltr'>vivi</span> <span class='ocrx_word' id='word_1_215' title='bbox 1270 3576 1402 3662; x_wconf 82' lang='lat' dir='ltr'>argenti,</span> 
     </span>
     <span class='ocr_line' id='line_1_27' title="bbox 306 3675 1402 3763; baseline -0.001 -22"><span class='ocrx_word' id='word_1_216' title='bbox 306 3700 397 3763; x_wconf 82' lang='lat' dir='ltr'>aequo</span> <span class='ocrx_word' id='word_1_217' title='bbox 412 3677 552 3763; x_wconf 91' lang='lat' dir='ltr'>pondere</span> <span class='ocrx_word' id='word_1_218' title='bbox 567 3687 712 3758; x_wconf 79' lang='lat' dir='ltr'>staterre3</span> <span class='ocrx_word' id='word_1_219' title='bbox 736 3685 768 3741; x_wconf 89' lang='lat' dir='ltr'>et</span> <span class='ocrx_word' id='word_1_220' title='bbox 784 3698 858 3741; x_wconf 91' lang='lat' dir='ltr'>cum</span> <span class='ocrx_word' id='word_1_221' title='bbox 878 3675 1058 3763; x_wconf 87' lang='lat' dir='ltr'>diligentius</span> <span class='ocrx_word' id='word_1_222' title='bbox 1078 3675 1250 3755; x_wconf 88' lang='lat' dir='ltr'>miscueris,</span> <span class='ocrx_word' id='word_1_223' title='bbox 1265 3677 1357 3741; x_wconf 88' lang='lat' dir='ltr'>mitte</span> <span class='ocrx_word' id='word_1_224' title='bbox 1370 3678 1402 3740; x_wconf 88' lang='lat' dir='ltr'>in</span> 
     </span>
     <span class='ocr_line' id='line_1_28' title="bbox 305 3778 1403 3866; baseline -0.001 -24"><span class='ocrx_word' id='word_1_225' title='bbox 305 3779 438 3843; x_wconf 83' lang='lat' dir='ltr'>vitream</span> <span class='ocrx_word' id='word_1_226' title='bbox 452 3780 633 3865; x_wconf 83' lang='lat' dir='ltr'>ampullam,</span> <span class='ocrx_word' id='word_1_227' title='bbox 648 3779 833 3866; x_wconf 86' lang='lat' dir='ltr'>cooperiens</span> <span class='ocrx_word' id='word_1_228' title='bbox 855 3800 926 3843; x_wconf 91' lang='lat' dir='ltr'>eam</span> <span class='ocrx_word' id='word_1_229' title='bbox 944 3800 984 3843; x_wconf 82' lang='lat' dir='ltr'>ex</span> <span class='ocrx_word' id='word_1_230' title='bbox 1005 3780 1092 3843; x_wconf 88' lang='lat' dir='ltr'>omni</span> <span class='ocrx_word' id='word_1_231' title='bbox 1117 3789 1208 3866; x_wconf 84' lang='lat' dir='ltr'>parte</span> <span class='ocrx_word' id='word_1_232' title='bbox 1228 3778 1351 3864; x_wconf 70' lang='lat' dir='ltr'>argilla,</span> <span class='ocrx_word' id='word_1_233' title='bbox 1372 3789 1403 3842; x_wconf 91' lang='lat' dir='ltr'>et</span> 
     </span>
     <span class='ocr_line' id='line_1_29' title="bbox 307 3880 1401 3969; baseline -0.001 -25"><span class='ocrx_word' id='word_1_234' title='bbox 307 3902 343 3945; x_wconf 91' lang='lat' dir='ltr'>os</span> <span class='ocrx_word' id='word_1_235' title='bbox 358 3880 497 3961; x_wconf 88' lang='lat' dir='ltr'>obstrue,</span> <span class='ocrx_word' id='word_1_236' title='bbox 512 3903 552 3944; x_wconf 90' lang='lat' dir='ltr'>ne</span> <span class='ocrx_word' id='word_1_237' title='bbox 568 3880 673 3945; x_wconf 77' lang='lat' dir='ltr'>iiimm</span> <span class='ocrx_word' id='word_1_238' title='bbox 688 3889 790 3963; x_wconf 78' lang='lat' dir='ltr'>exeat,</span> <span class='ocrx_word' id='word_1_239' title='bbox 803 3890 835 3944; x_wconf 87' lang='lat' dir='ltr'>et</span> <span class='ocrx_word' id='word_1_240' title='bbox 850 3902 932 3966; x_wconf 88' lang='lat' dir='ltr'>pone</span> <span class='ocrx_word' id='word_1_241' title='bbox 947 3902 1018 3945; x_wconf 85' lang='lat' dir='ltr'>eam</span> <span class='ocrx_word' id='word_1_242' title='bbox 1032 3882 1074 3945; x_wconf 90' lang='lat' dir='ltr'>ad</span> <span class='ocrx_word' id='word_1_243' title='bbox 1085 3883 1193 3969; x_wconf 88' lang='lat' dir='ltr'>ignem</span> <span class='ocrx_word' id='word_1_244' title='bbox 1209 3890 1245 3943; x_wconf 89' lang='lat' dir='ltr'>ut</span> <span class='ocrx_word' id='word_1_245' title='bbox 1257 3881 1401 3945; x_wconf 86' lang='lat' dir='ltr'>siccetur.</span> 
     </span>
     <span class='ocr_line' id='line_1_30' title="bbox 307 3982 1400 4070; baseline -0.002 -23"><span class='ocrx_word' id='word_1_246' title='bbox 307 3982 433 4047; x_wconf 91' lang='lat' dir='ltr'>Deinde</span> <span class='ocrx_word' id='word_1_247' title='bbox 459 4004 542 4070; x_wconf 91' lang='lat' dir='ltr'>pone</span> <span class='ocrx_word' id='word_1_248' title='bbox 571 4003 642 4045; x_wconf 90' lang='lat' dir='ltr'>eam</span> <span class='ocrx_word' id='word_1_249' title='bbox 665 3983 748 4046; x_wconf 91' lang='lat' dir='ltr'>inter</span> <span class='ocrx_word' id='word_1_250' title='bbox 783 3982 938 4048; x_wconf 87' lang='lat' dir='ltr'>carbones</span> <span class='ocrx_word' id='word_1_251' title='bbox 973 3982 1130 4065; x_wconf 75' lang='lat' dir='ltr'>ardentes,</span> <span class='ocrx_word' id='word_1_252' title='bbox 1154 3992 1187 4047; x_wconf 91' lang='lat' dir='ltr'>et</span> <span class='ocrx_word' id='word_1_253' title='bbox 1218 4003 1295 4045; x_wconf 87' lang='lat' dir='ltr'>mox</span> <span class='ocrx_word' id='word_1_254' title='bbox 1330 4004 1400 4046; x_wconf 89' lang='lat' dir='ltr'>cum</span> 
     </span>
     <span class='ocr_line' id='line_1_31' title="bbox 305 4084 1401 4171; baseline -0.005 -20"><span class='ocrx_word' id='word_1_255' title='bbox 305 4084 435 4171; x_wconf 86' lang='lat' dir='ltr'>coeperit</span> <span class='ocrx_word' id='word_1_256' title='bbox 449 4084 595 4164; x_wconf 85' lang='lat' dir='ltr'>calefieri,</span> <span class='ocrx_word' id='word_1_257' title='bbox 610 4084 719 4149; x_wconf 89' lang='lat' dir='ltr'>audies</span> <span class='ocrx_word' id='word_1_258' title='bbox 735 4085 894 4171; x_wconf 86' lang='lat' dir='ltr'>fragorem</span> <span class='ocrx_word' id='word_1_259' title='bbox 912 4086 1053 4165; x_wconf 88' lang='lat' dir='ltr'>interius,</span> <span class='ocrx_word' id='word_1_260' title='bbox 1068 4085 1229 4171; x_wconf 89' lang='lat' dir='ltr'>quomodo</span> <span class='ocrx_word' id='word_1_261' title='bbox 1245 4104 1280 4146; x_wconf 91' lang='lat' dir='ltr'>se</span> <span class='ocrx_word' id='word_1_262' title='bbox 1294 4084 1401 4146; x_wconf 86' lang='lat' dir='ltr'>vivum</span> 
     </span>
     <span class='ocr_line' id='line_1_32' title="bbox 305 4185 1400 4274; baseline -0.005 -22"><span class='ocrx_word' id='word_1_263' title='bbox 305 4194 470 4274; x_wconf 89' lang='lat' dir='ltr'>argentum</span> <span class='ocrx_word' id='word_1_264' title='bbox 504 4185 691 4250; x_wconf 85' lang='lat' dir='ltr'>commiscet</span> <span class='ocrx_word' id='word_1_265' title='bbox 719 4187 843 4251; x_wconf 84' lang='lat' dir='ltr'>ardenti</span> <span class='ocrx_word' id='word_1_266' title='bbox 866 4186 1024 4273; x_wconf 88' lang='lat' dir='ltr'>sulphuri;</span> <span class='ocrx_word' id='word_1_267' title='bbox 1060 4196 1190 4251; x_wconf 90' lang='lat' dir='ltr'>etcum</span> <span class='ocrx_word' id='word_1_268' title='bbox 1210 4207 1309 4249; x_wconf 89' lang='lat' dir='ltr'>sonus</span> <span class='ocrx_word' id='word_1_269' title='bbox 1334 4207 1400 4248; x_wconf 86' lang='lat' dir='ltr'>ces·</span> 
     </span>
     <span class='ocr_line' id='line_1_33' title="bbox 305 4288 1292 4376; baseline -0.006 -20"><span class='ocrx_word' id='word_1_270' title='bbox 305 4292 430 4372; x_wconf 84' lang='lat' dir='ltr'>saverit,</span> <span class='ocrx_word' id='word_1_271' title='bbox 445 4290 552 4354; x_wconf 89' lang='lat' dir='ltr'>statim</span> <span class='ocrx_word' id='word_1_272' title='bbox 568 4288 646 4375; x_wconf 86' lang='lat' dir='ltr'>ejice</span> <span class='ocrx_word' id='word_1_273' title='bbox 661 4290 833 4374; x_wconf 87' lang='lat' dir='ltr'>ampullam</span> <span class='ocrx_word' id='word_1_274' title='bbox 849 4297 881 4353; x_wconf 90' lang='lat' dir='ltr'>et</span> <span class='ocrx_word' id='word_1_275' title='bbox 895 4288 1038 4376; x_wconf 84' lang='lat' dir='ltr'>aperiens</span> <span class='ocrx_word' id='word_1_276' title='bbox 1053 4290 1128 4353; x_wconf 88' lang='lat' dir='ltr'>tolle</span> <span class='ocrx_word' id='word_1_277' title='bbox 1143 4289 1292 4354; x_wconf 84' lang='lat' dir='ltr'>colorem.</span> 
     </span>
    </p>
   </div>
   <div class='ocr_carea' id='block_1_10' title="bbox 0 0 1552 5168">
    <p class='ocr_par' dir='ltr' id='par_1_11' title="bbox 0 0 1552 5168">
     <span class='ocr_line' id='line_1_34' title="bbox 0 0 1552 5168; baseline 0 3"><span class='ocrx_word' id='word_1_278' title='bbox 0 0 1552 5168; x_wconf 95' lang='lat' dir='ltr'> </span> 
     </span>
    </p>
   </div>
  </div>
 </body>
</html>
