3018 5170
287 481 351 542 ‘250
646 500 838 545 annornm
865 499 967 543 ursan
992 501 1045 543 ιιι.

287 650 374 711 mitte
390 651 533 715 sabulum
550 676 622 716 cum
638 676 731 740 aqua.
777 652 923 739 Cumque
946 650 1080 735 girando
1102 658 1134 713 et
1154 650 1322 734 regirando
1338 652 1388 737 ip·

286 774 355 814 sum
379 754 525 818 sabulum
548 756 678 841 coeperit
699 755 828 819 ebullire
850 763 882 818 et
904 776 959 840 per
981 754 1119 840 lapidem
1141 752 1287 832 diffundi,
1310 776 1388 817 cum

286 853 372 937 ligno
395 857 505 941 gracili
528 859 624 943 longo
648 869 680 922 et
701 868 797 922 tenue
819 857 967 943 recollige
989 878 1113 942 semper
1135 864 1168 920 et
1188 856 1220 918 in
1240 856 1390 920 foramen

286 978 414 1041 repone,
445 981 485 1021 ne
516 959 596 1023 sone
620 982 731 1024 aurum
758 982 831 1023 curu
856 960 967 1024 sabulo
999 968 1146 1044 egeratur
1169 968 1202 1022 et
1224 981 1292 1022 non
1317 982 1389 1023 mo-

287 1060 378 1124 latur.
424 1061 519 1136 Quod
536 1085 609 1126 cum
632 1062 764 1148 pleniter
787 1062 931 1128 molitum
953 1062 1057 1141 suerit,
1072 1061 1202 1125 eiciatur
1216 1070 1250 1125 et
1263 1062 1390 1126 lavetur

287 1174 320 1226 et
334 1164 468 1227 siccetur
483 1173 518 1228 ut
533 1187 640 1250 supra,
663 1176 862 1252 ponaturque
878 1188 972 1251 super
986 1165 1110 1229 libram.
1155 1164 1189 1228 Si
1204 1186 1281 1229 vero
1296 1164 1389 1251 quic·

287 1288 384 1350 quam
400 1266 543 1347 defuerit,
558 1268 702 1331 laventur
724 1269 833 1332 sordes
853 1268 906 1355 qui
929 1268 1033 1332 fluunt
1046 1268 1087 1332 de
1101 1267 1216 1353 lapide,
1231 1267 1326 1331 etsie
1341 1268 1390 1330 in-

289 1370 419 1447 venitur,
442 1370 516 1455 quia
537 1370 656 1434 idcirco
678 1371 763 1435 idem
784 1372 863 1457 lapis
879 1372 911 1434 in
926 1393 1001 1435 vase
1017 1371 1152 1456 ponitur.
1198 1368 1274 1433 Hoc
1289 1370 1390 1433 modo

288 1472 383 1533 etiam
398 1482 566 1556 argentum
587 1495 701 1558 purum
717 1474 900 1538 tenuissime
921 1495 1104 1558 percussum
1119 1482 1152 1536 et
1167 1473 1237 1535 vivo
1252 1482 1390 1557 argento

289 1574 422 1635 mixtum
445 1574 519 1637 moli
542 1575 647 1654 debet,
670 1577 745 1663 quia
766 1576 798 1638 in
821 1576 925 1640 calido
940 1576 1069 1639 vasculo
1092 1597 1165 1637 cum
1183 1574 1289 1638 calido
1306 1574 1391 1638 ferro

289 1676 363 1738 moli
380 1698 443 1738 non
460 1677 550 1740 valet.
596 1676 649 1742 Sic
664 1689 770 1742 autem
792 1679 1036 1742 commisceatur
1056 1687 1092 1741 ut
1106 1677 1169 1739 vivi
1184 1677 1310 1762 argenti
1325 1678 1391 1741 sint

287 1777 427 1863 quinque
443 1780 593 1862 pondera,
609 1790 642 1844 et
657 1789 782 1844 sextum
799 1781 840 1844 sit
854 1793 1021 1869 argentum
1037 1801 1160 1867 purum.

589 2123 1068 2135 ———.—...-

563 2366 788 2463 CAPUT
850 2366 1123 2464 XXXVII.
1165 2430 1171 2437 -

668 2589 751 2633 ITEM
776 2589 872 2632 UNDE
895 2588 1015 2632 SUPRA.

370 2728 484 2794 OTES
511 2732 607 2794 etiam
633 2751 744 2794 aurum
768 2730 866 2794 levius
890 2731 1008 2793 molere
1031 2729 1093 2793 hoc
1116 2729 1225 2794 modo.
1270 2732 1392 2818 Accipe

378 2841 495 2896 testam
511 2834 581 2896 olla
596 2854 747 2919 capacem
762 2832 837 2919 igne
851 2832 1031 2918 probatam,
1040 2841 1073 2896 et
1087 2853 1170 2917 pone
1186 2831 1219 2895 in
1234 2832 1392 2897 carbones

291 2938 393 3000 donec
415 2936 547 2998 omnino
562 2935 744 3013 candescat,
758 2944 791 2999 et
803 2935 893 2999 mitte
911 2935 944 2997 in
960 2956 1031 2998 eam
1042 2956 1154 2998 aumm
1169 2934 1242 2998 viro
1257 2944 1392 3020 argento

291 3040 426 3104 mixtum
453 3059 491 3101 ac
522 3037 703 3101 minutatim
732 3036 941 3115 confractum,
964 3044 1138 3123 tenensque
1168 3058 1241 3100 cum
1271 3035 1392 3122 forcipe

291 3142 381 3206 vibra
410 3161 540 3203 manum
564 3139 736 3225 aequaliter,
762 3149 795 3204 et
819 3162 894 3205 mox
919 3139 1040 3204 videbis
1063 3139 1224 3225 quomodo
1250 3136 1393 3224 liquefiat
1507 3130 1508 3133 ¹

291 3266 403 3309 aurum
419 3252 451 3308 et
464 3240 707 3307 commisceatur
722 3243 794 3307 vivo
810 3251 951 3327 argento.
998 3240 1145 3329 Cumque
1153 3240 1283 3305 omnino
1297 3239 1392 3327 liqui·

292 3349 369 3411 dum
385 3345 487 3425 suerit,
504 3367 580 3409 mox
596 3344 693 3409 fiands
708 3345 741 3408 in
756 3367 873 3432 aquam
889 3353 985 3432 atque
999 3345 1073 3408 lava
1086 3353 1119 3408 et
1136 3343 1221 3408 sicca
1234 3352 1391 3428 utsupra.

294 3451 368 3515 Hoc
392 3450 522 3515 omnino
547 3470 636 3527 cave,
651 3471 692 3514 ne
702 3448 830 3534 jejunus
853 3448 955 3512 molas
972 3455 1028 3510 aut
1051 3446 1194 3524 deaures,
1209 3445 1285 3532 quia
1298 3445 1392 3510 soetor

293 3555 357 3617 vivi
371 3553 495 3641 argenti
506 3574 659 3639 magnum
671 3550 843 3639 periculum
853 3558 903 3613 cst
911 3550 1023 3635 jejuno
1038 3548 1205 3613 stomacho
1213 3558 1247 3612 et
1260 3548 1391 3611 infirmi-

292 3664 377 3720 tates
391 3657 532 3720 diversas
548 3665 689 3741 generat,
704 3661 815 3718 contra
829 3674 909 3739 quas
931 3654 977 3716 uti
992 3652 1091 3716 debes
1116 3648 1234 3715 zituar¹
1249 3658 1281 3715 et
1295 3651 1391 3714 bacas

293 3757 383 3836 lauri,
398 3758 507 3845 pipere
531 3766 564 3821 et
588 3758 662 3822 allio
688 3765 785 3843 atque
809 3756 894 3819 vino.
941 3753 1091 3818 Posthaec
1117 3753 1263 3840 appende
1289 3753 1391 3839 ipsam

293 3860 517 3923 deauraturam
533 3859 565 3922 in
582 3869 713 3939 statera,
729 3867 762 3923 et
782 3858 888 3922 divide
903 3857 937 3920 in
951 3857 1027 3936 duo,
1042 3866 1076 3920 et
1098 3856 1302 3920 medietatem
1323 3857 1391 3943 ejus

294 3983 419 4025 rursum
432 3962 465 4026 in
480 3962 555 4041 duo,
570 3963 674 4027 donec
696 3962 838 4026 invenias
853 3960 996 4046 singulos
1010 3957 1167 4037 denarios,
1183 3966 1216 4021 et
1233 3958 1323 4022 mitte
1336 3980 1391 4022 eos

294 4064 456 4151 sigillatim
470 4065 502 4128 in
518 4086 639 4152 pennas
662 4064 791 4143 anseris,
807 4073 844 4128 ut
857 4063 939 4127 scias
954 4070 1109 4149 quantum
1131 4060 1301 4147 unicuique
1322 4061 1391 4124 loco

295 4168 479 4234 deaurando
491 4190 696 4255 superponas.
744 4167 871 4231 Deinde
882 4173 1009 4251 percute
1025 4172 1147 4250 partem
1162 4163 1250 4249 cupri
1265 4163 1349 4228 rubri
1360 4164 1391 4226 in

296 4272 532 4338 similitudinem
548 4270 673 4336 sosson'i
689 4270 761 4335 ferri
777 4280 809 4333 et
820 4269 918 4355 infige
929 4267 1106 4347 manubrio,
1118 4266 1392 4353 summitatemque

678 4455 685 4485 ¹
703 4459 719 4483 “
733 4455 838 4515 Ziduer,”
851 4456 907 4504 eoa.
921 4456 1021 4518 Guelpl.
