3018 5170
302 477 366 537 260
652 497 844 539 arianarum
871 496 975 538 arnan
1000 496 1053 538 111.

301 648 396 710 terius
419 647 540 710 fulvum
563 650 700 712 colorem
728 648 892 733 recipiant,
919 648 1071 731 nigellum
1096 656 1202 711 autern
1227 646 1356 709 limabis
1377 655 1410 709 et

300 750 399 835 polica
437 751 519 812 sicut
555 751 707 835 superius.
755 750 881 814 Deinde
916 753 1076 838 conjunge
1110 750 1266 814 auriculas
1297 770 1410 811 unam·

300 874 459 938 quamque
475 853 507 915 in
528 875 586 916 suo
602 855 684 927 loca,
700 865 733 917 et
747 863 835 916 trans
856 853 1023 932 foramina,
1038 877 1109 940 quae
1122 854 1154 915 in
1170 853 1216 915 eis
1231 862 1318 930 sunt,
1334 872 1410 913 con·

300 955 363 1038 fige
386 978 440 1018 eas
463 957 565 1018 aurcis
588 957 686 1019 claris
709 979 783 1020 cum
805 957 914 1042 gracili
935 948 1050 1021 malleo
1073 957 1155 1020 ferro
1175 956 1316 1040 desuper
1336 954 1408 1017 feri·

300 1057 394 1133 endo,
417 1068 448 1120 et
470 1060 569 1121 altero
593 1058 674 1122 ferro
697 1060 862 1145 subposito
885 1060 988 1123 donec
1011 1059 1141 1123 firmiter
1162 1067 1257 1135 stent,
1280 1068 1316 1121 et
1333 1056 1408 1119 rade

300 1159 466 1245 diligenter
488 1170 584 1247 atque
606 1162 671 1246 poli
693 1184 765 1224 cum
790 1162 906 1226 obtuso
929 1163 1012 1226 ferro
1034 1163 1120 1248 ipsas
1141 1182 1360 1247 percussuras,
1374 1172 1409 1222 ut

300 1283 394 1326 nemo
410 1265 569 1349 percipere
585 1265 694 1349 possit,
709 1265 844 1351 qualiter
858 1265 1053 1329 adhaereant.

597 1716 828 1814 CAPUT
888 1716 1110 1814 XLllL

687 1942 732 1983 DE
756 1941 847 1983 PEDE
870 1941 1014 1985 camma.

376 2089 457 2152 OST
472 2089 539 2152 haec
556 2112 645 2153 sume
668 2100 815 2175 quartam
838 2099 960 2175 partem
981 2089 1116 2175 argenti,
1132 2090 1254 2154 addens
1271 2092 1300 2154 ei
1315 2092 1401 2178 quic-

374 2192 448 2278 quid
466 2214 485 2254 a
500 2214 574 2254 vase
589 2191 706 2255 limasti
722 2202 753 2254 et
769 2191 891 2271 rasisti;
915 2201 947 2255 et
967 2192 1064 2256 funde
1079 2192 1190 2256 ordine
1205 2215 1271 2279 quo
1288 2214 1399 2279 supra;

297 2293 380 2356 unde
396 2293 493 2357 facies
509 2295 622 2380 pedem
645 2316 717 2356 cum
741 2294 827 2357 nodo
843 2295 925 2357 sicut
940 2296 1053 2379 pedem
1068 2296 1198 2358 minoris
1212 2295 1333 2374 calicis,
1348 2316 1400 2357 ex·

295 2407 390 2480 cepto
412 2396 499 2483 quod
521 2395 554 2457 in
577 2395 638 2458 hoc
662 2396 773 2480 majori
796 2395 946 2459 formabis
969 2410 1074 2461 costas
1089 2419 1108 2460 a
1123 2396 1290 2460 latitudine
1315 2396 1398 2481 pedis

296 2499 424 2562 inferius
439 2498 648 2561 ascendentes
664 2520 764 2584 usquc
786 2498 827 2561 ad
847 2499 978 2576 nodum,
994 2522 1075 2584 quaa
1089 2499 1237 2563 dimidias
1252 2499 1398 2584 denigra-

297 2601 355 2679 bis,
371 2612 404 2664 et
420 2601 497 2664 alias
520 2601 620 2664 fodies
643 2612 675 2664 et
696 2600 864 2664 deaurabis
887 2596 1109 2688 atque'modis
1132 2602 1282 2666 omnibus
1304 2602 1397 2665 dcco·

294 2703 379 2765 rabis
395 2704 476 2766 sicut
490 2704 522 2765 in
539 2725 623 2767 vase.
666 2703 740 2778 Quo
757 2704 895 2789 perfecto
911 2705 1039 2768 anulum
1054 2726 1192 2791 quoque,
1207 2703 1263 2791 qui
1279 2722 1397 2789 ponen-

295 2803 355 2867 dus
377 2816 427 2869 est
449 2806 530 2869 inter
551 2828 607 2870 vas
630 2816 662 2869 et
684 2806 815 2885 nodum,
839 2807 1006 2871 deaurabis
1033 2816 1129 2893 atque
1156 2807 1345 2893 conjunges,
1366 2814 1396 2868 et

295 2908 437 2991 configes
453 2909 534 2971 sicut
548 2910 702 2973 minorem
718 2910 859 2973 calicem.

607 3260 837 3438 ulPUT
901 3339 1090 3436 XLIV.

737 3570 782 3611 DE
806 3566 950 3611 parunt.

293 3736 532 3886 DEINDE
557 3738 708 3825 quicquid
735 3736 851 3800 residui
879 3736 973 3801 fuerit
998 3736 1131 3824 argenti,
1158 3737 1277 3801 funde:
1309 3736 1389 3802 unde

402 3838 498 3903 facies
513 3851 675 3925 patenam.
722 3839 829 3914 Quam
846 3861 917 3903 cum
934 3839 1156 3917 attenuaveris,
1172 3840 1272 3903 facin
1288 3840 1388 3905 medio

289 3942 357 4027 ejus
372 3940 523 4005 circulum
538 3943 712 4006 secundum
736 3942 935 4006 latitudinem
955 3942 1072 4022 calicis,
1088 3953 1121 4006 et
1135 3943 1218 4007 infra
1231 3944 1317 4008 hunc
1331 3945 1387 4007 cir·

288 4045 393 4108 culum
417 4045 527 4109 metire
550 4057 624 4109 octo
646 4046 748 4131 spatia
769 4046 933 4131 equaliter
955 4044 1065 4125 dinsa,
1089 4056 1121 4109 ct
1143 4046 1176 4108 in
1197 4067 1385 4133 unoquoque

288 4148 390 4233 ¹spatio
405 4147 456 4210 fac
478 4148 630 4212 circulum
652 4149 830 4225 dimidium,
852 4159 888 4211 nt
909 4148 973 4212 sint
989 4148 1080 4234 quasi
1102 4159 1176 4212 octo
1191 4171 1294 4227 arcus,
1307 4170 1384 4235 quos

286 4273 358 4315 cum
382 4251 518 4315 rotundo
546 4252 660 4317 malleo
686 4252 842 4337 percuties
868 4251 970 4315 donec
997 4251 1066 4316 cavi
1092 4252 1182 4331 fiant,
1206 4263 1239 4315 et
1258 4250 1384 4314 inferius

286 4354 394 4418 ductili
412 4376 507 4439 opere
530 4357 685 4439 percuties
707 4355 843 4441 angulos
865 4356 946 4419 inter
968 4355 1053 4440 ipsos
1075 4376 1178 4434 arcus,
1201 4364 1235 4419 et
1255 4354 1381 4418 limbum

284 4458 367 4519 circa
403 4478 459 4520 eos
495 4457 661 4521 latitudine
698 4458 828 4522 minoris
862 4459 999 4544 ungulae,
1036 4458 1090 4544 qui
1120 4477 1216 4543 super
1249 4455 1382 4521 emineat
