3090 5174
339 529 403 593 362
687 547 881 592 runorurur
905 549 1010 592 arsen
1032 550 1085 592 111.

340 722 422 785 pone
438 722 569 785 cupmm
589 699 757 763 ordinatim
774 700 894 786 absque
910 710 1035 780 stagno,
1060 710 1156 787 atque
1170 701 1348 765 intermisce
1361 723 1428 764 car·

340 801 445 867 bones
455 803 605 887 adjiciens
621 800 820 864 abundanter
833 802 986 886 superius,
1002 802 1236 889 interjectisque
1246 804 1352 890 ignitis
1365 826 1432 867 car-

339 900 474 967 bonibus
492 905 541 968 fac
560 914 594 966 ut
609 904 700 966 folles
715 902 868 988 incipiant
882 901 969 981 flare,
986 903 1088 987 primd
1104 905 1311 985 mediocriter,
1322 906 1436 968 deinde

339 1004 442 1089 magis
452 1028 489 1069 ac
500 1006 614 1089 magis.
654 1004 801 1089 Cumque
814 1004 929 1067 videris
939 1005 1101 1070 flammam
1113 1006 1243 1071 viridem
1256 1008 1435 1084 ascendere,

334 1107 403 1191 jam
418 1108 529 1193 incipit
540 1129 673 1192 cuprum
688 1106 872 1191 liquescere,
889 1128 1029 1193 moxque
1041 1130 1137 1193 super
1149 1131 1272 1194 ponens
1283 1110 1435 1173 carbones

339 1206 548 1286 abundanter,
564 1229 686 1271 recurre
702 1208 741 1270 ad
767 1209 926 1272 fornacem
950 1209 1070 1289 formae,
1087 1219 1119 1273 et
1134 1232 1153 1275 a
1168 1212 1316 1296 superiori
1332 1212 1435 1295 incipe

339 1309 444 1394 longis
471 1310 641 1395 forcipibus
667 1310 788 1396 lapides
817 1312 950 1374 evellere
979 1321 1012 1375 et
1041 1313 1127 1378 fords
1153 1315 1314 1399 projicere.
1365 1314 1434 1377 lloc

340 1432 421 1495 opus
436 1412 468 1473 in
484 1412 545 1474 hoc
563 1413 633 1475 loco
649 1434 713 1475 non
724 1412 838 1498 quaerit
849 1413 958 1498 pigros
973 1415 1143 1499 operarios,
1159 1416 1214 1478 sed
1230 1416 1326 1500 agiles
1341 1425 1435 1501 atque
1527 1430 1528 1473 i

340 1514 510 1592 studiosos,
526 1537 566 1577 ne
581 1516 770 1600 cujusquam
784 1515 915 1596 incuria,
931 1517 979 1579 vel
996 1517 1098 1580 formu
1113 1517 1288 1604 frangatur,
1302 1521 1350 1583 vel
1366 1518 1434 1605 quis
1527 1514 1528 1551 ³

339 1615 435 1678 alium
451 1616 602 1702 impediat
617 1628 672 1679 aut
693 1617 797 1695 loedat,
813 1617 878 1682 sive
899 1618 939 1681 ud
959 1618 1154 1684 iracundiam
1177 1632 1333 1707 provocet,
1349 1620 1432 1707 quod
1527 1604 1528 1663 l

340 1719 469 1785 omnini)
484 1720 660 1782 cavendum
676 1729 733 1782 est.
780 1719 899 1805 Ejectis
915 1742 990 1785 vero
1005 1722 1135 1790 omniuo
1149 1724 1304 1809 lapidibus
1318 1735 1349 1788 et
1363 1725 1432 1807 igne
1527 1734 1528 1779 ἐ

340 1822 446 1886 denuo
463 1821 607 1883 certatim
628 1831 798 1906 reponatur
815 1833 907 1901 terra,
922 1834 958 1887 ut
975 1824 1061 1889 fossa
1079 1827 1183 1890 omnis
1201 1826 1286 1891 circa
1304 1826 1431 1889 formam
1527 1810 1528 1857 ³

340 1923 506 2007 diligenter
522 1923 687 2008 repleatur,
704 1934 736 1987 et
750 1924 814 1988 sint
833 1926 888 2011 qui
909 1946 1034 2012 semper
1049 1927 1243 1992 circumeant
1258 1951 1329 1992 cum
1343 1926 1431 2013 lignis

341 2024 474 2105 obtusis,
489 2025 688 2089 mediocriter
710 2026 917 2112 impingendo
935 2037 967 2091 et
986 2028 1120 2112 pedibus
1140 2029 1261 2094 fortiter
1275 2029 1430 2105 calcando,

341 2135 377 2190 ut
397 2137 480 2190 terra
500 2150 571 2215 quae
590 2128 749 2213 inponitur
767 2128 903 2191 formam
922 2123 1053 2215 premat,
1073 2152 1112 2195 ne
1131 2154 1204 2196 eum
1225 2134 1348 2219 pondus
1365 2131 1430 2196 oeris
1527 2126 1528 2199 l

342 2228 515 2294 infunditur
532 2230 693 2294 ullomodo
710 2230 813 2316 frangi
827 2231 937 2317 possit.

388 3015 524 3100 Repleta
535 3015 629 3100 igitur·
639 3015 698 3079 hoc
710 3015 807 3079 modo
817 3015 904 3080 fossa
916 3020 1069 3104 usquead
1081 3041 1251 3101 summum,
1267 3019 1427 3087 recurread

343 3117 490 3195 cacabos,
500 3127 532 3181 et
543 3118 630 3203 ligno
642 3119 739 3203 longo
749 3127 781 3182 et
789 3118 909 3183 torrido
922 3141 1088 3185 commove
1099 3143 1243 3209 cupmm,
1254 3125 1322 3188 etsi
1334 3145 1428 3187 sense·

345 3219 385 3283 ris
401 3218 530 3285 omnino
545 3218 747 3304 liquefactum
762 3220 879 3306 inpone
894 3230 1055 3308 stagnum,
1071 3247 1260 3312 rursumque
1275 3246 1429 3291 commove

343 3323 510 3409 diligenter
524 3331 560 3386 ut
575 3323 656 3387 bene
671 3324 923 3404 commisceatur,
941 3326 1104 3414 fractique
1120 3328 1248 3393 fornace
1263 3329 1295 3392 in
1311 3328 1429 3393 circuitu

345 3426 459 3491 induce
477 3427 541 3492 duo
557 3426 644 3513 ligna
659 3427 754 3490 fortia
771 3435 804 3490 et
818 3428 916 3515 longa
931 3429 963 3493 in
979 3450 1071 3494 eures
1086 3431 1207 3512 cacabi,
1229 3430 1430 3517 adhibitisque

344 3531 418 3595 viris
430 3530 564 3595 strenuis
576 3541 608 3594 et
619 3530 651 3592 in
661 3529 721 3593 bac
731 3539 798 3593 arte
810 3531 927 3615 peritis,
943 3532 993 3597 fac
1003 3555 1075 3597 eum
1086 3533 1184 3597 levari
1192 3556 1267 3598 cum
1275 3534 1360 3599 omni
1369 3530 1429 3596 dili·

345 3635 453 3720 gentia
462 3644 494 3697 et
502 3633 543 3697 ud
555 3634 688 3697 formam
701 3631 826 3712 deferri,
842 3634 1014 3722 ejectisque
1025 3636 1215 3701 carbonibus
1226 3647 1260 3701 et
1271 3635 1382 3701 favillis
1390 3644 1430 3697 at·

344 3757 406 3820 que
415 3735 564 3820 imposito
574 3735 737 3799 collatorio
746 3756 853 3820 panno
865 3735 916 3800 fac
925 3742 1051 3802 morose
1059 3736 1193 3802 infundi.
1218 3738 1349 3801 Interim
1358 3735 1430 3800 cuba

340 3836 434 3920 juxta
448 3858 485 3900 os
502 3836 613 3900 formae
630 3837 738 3901 auditu
756 3836 921 3922 diligenter
936 3838 1140 3902 considerans
1156 3840 1293 3925 qualiter
1308 3844 1345 3905 eb
1358 3838 1430 3900 intro

345 3937 515 4023 procedat,
538 3947 573 4002 et
585 3939 613 4002 si
624 3938 759 4004 senseris
773 3940 865 4026 quasi
879 3941 947 4004 leve
960 3962 1100 4003 murmur
1114 3942 1242 4019 tonitru,
1254 3941 1307 4006 dic
1321 3951 1357 4005 ut
1370 3961 1431 4004 mo·

344 4040 415 4106 dice
430 4049 570 4120 teneant,
588 4062 776 4127 rursumque
794 4040 981 4122 infundant3
1004 4043 1113 4129 sicque
1130 4043 1289 4108 interdum
1304 4041 1431 4109 tenendo
1525 4062 1526 4065 ’

344 4152 376 4209 et
401 4144 514 4207 iterum
539 4143 737 4208 infundendo
765 4145 823 4207 frat
851 4152 887 4207 ut
915 4167 958 4208 aes
982 4144 1143 4231 aequaliter
1169 4146 1315 4227 resideat,
1340 4148 1431 4211 donec

345 4255 514 4312 evacuetur
539 4247 676 4311 cacabus
701 4246 763 4311 ille.
809 4246 884 4321 Quo
908 4256 1028 4326 amoto,
1055 4269 1130 4311 mox
1156 4249 1236 4313 alter
1259 4248 1432 4314 delatusin

345 4350 458 4414 codem
474 4350 545 4414 loco
566 4358 733 4428 statuatur,
749 4350 807 4412 fiat
827 4349 867 4413 de
886 4371 924 4414 eo
940 4350 1022 4414 sicut
1039 4373 1078 4415 ex
1094 4350 1199 4439 priori,
1214 4361 1247 4416 et
1261 4353 1330 4438 pari
1344 4350 1431 4416 modo

344 4453 386 4517 de
401 4452 492 4517 tertio
508 4453 609 4517 donec
625 4474 668 4516 aes
682 4452 715 4514 in
730 4450 883 4516 infusorio
898 4451 1052 4517 videatur.
1097 4453 1166 4518 Nec
1181 4454 1288 4519 statim
1305 4455 1431 4521 cacabus
