3094 5174
311 540 376 604 276
668 561 859 606 ranorurnr
886 561 990 605 arasa
1010 562 1065 605 111.

312 711 386 774 inde
401 711 584 791 retinacula,
599 734 670 798 quae
685 721 814 776 teneant
833 713 1003 777 exteriores
1020 723 1127 799 partes
1142 713 1210 777 anri
1223 713 1362 778 exterius
1377 713 1411 779 iri

312 812 412 876 tribus
438 812 526 892 locis,
552 822 588 877 ut
611 813 712 892 tertia,
737 837 809 900 quae
833 815 964 880 interius
985 817 1080 903 juxta
1103 838 1175 881 oras
1200 816 1321 897 circuit,
1342 839 1410 881 non

313 913 415 997 possit
428 914 578 1000 disjungi.
623 914 699 990 Quo
714 916 799 980 facto
818 917 909 981 linies
928 940 968 981 ex
986 918 1073 982 omni
1088 930 1178 1004 parte
1193 920 1411 1002 solidaturum,

314 1023 347 1078 et
368 1015 502 1079 siccabis
524 1016 649 1081 modice
671 1038 765 1103 super
778 1019 905 1104 ignem;
927 1020 1150 1108 dispositisque
1165 1022 1357 1086 carbonibus
1378 1033 1411 1087 et

314 1121 465 1200 accensis,
480 1120 578 1185 facies
590 1122 673 1185 iuter
686 1144 742 1186 eos
757 1123 920 1202 fossulam,
936 1125 969 1188 in
982 1146 1081 1211 quam
1097 1145 1196 1209 pones
1210 1125 1312 1211 ipsam
1327 1125 1411 1188 auri-

313 1224 429 1304 culam,
444 1234 476 1288 et
490 1224 574 1289 circa
593 1243 664 1288 eam
684 1226 854 1290 collocabis
871 1226 1026 1290 carbones
1040 1225 1208 1289 ordinatim
1223 1225 1277 1304 ita,
1292 1234 1410 1289 utnon

315 1326 501 1412 contingant
523 1347 645 1405 aurum,
671 1326 727 1391 sed
753 1327 786 1390 in
808 1328 1044 1391 similitudinem
1070 1327 1151 1390 muri
1174 1326 1349 1390 ascendant
1374 1326 1410 1389 in

314 1427 456 1508 circuitu,
471 1429 573 1492 donec
588 1429 747 1492 emineant
764 1452 858 1515 super
872 1452 1001 1509 aurum3
1026 1438 1057 1493 et
1071 1439 1149 1492 tunc
1167 1429 1339 1492 collocabis
1353 1430 1411 1493 de-

314 1551 409 1615 super
423 1531 555 1616 graciles
577 1531 676 1596 ferros
698 1532 790 1611 duos,
805 1532 855 1596 vel
872 1541 946 1612 tres,
962 1533 1019 1618 qui
1033 1540 1262 1616 pertranseant.
1308 1529 1412 1615 Super

314 1654 395 1718 quos
418 1633 588 1696 collocabis
612 1656 668 1718 per
687 1633 794 1697 omnia
813 1633 978 1713 carbones,
1002 1643 1034 1697 et
1053 1631 1214 1716 cooperies
1233 1630 1411 1716 diligenter,

314 1732 359 1797 sic
375 1742 482 1797 tamen
498 1744 533 1798 ut
547 1736 654 1822 aliqua
674 1735 830 1799 foramina
847 1737 927 1799 inter
941 1736 1028 1822 ipsos
1044 1734 1199 1798 carbones
1213 1743 1410 1813 remaneant,

313 1856 370 1920 per
395 1858 466 1922 quae
492 1836 594 1923 possis
620 1838 829 1915 considerare,
851 1838 985 1924 qualiter
1006 1836 1179 1901 solidatura
1199 1836 1411 1902 circumfluat.

313 1935 413 2011 Quod
433 1959 506 2002 cum
521 1937 648 2018 videris,
668 1940 775 2004 statim
795 1960 925 2024 aspersa
946 1938 1073 2004 modicd
1091 1938 1187 2025 aqua,
1206 1938 1298 2001 eicies
1313 1947 1411 2026 atque

313 2040 434 2104 lavabis
448 2041 559 2104 leniter
573 2050 606 2104 et
616 2040 759 2121 siccabis,
775 2041 1094 2127 circumspiciensque
1109 2040 1276 2125 diligenter
1289 2039 1316 2102 si
1331 2040 1411 2126 quid

313 2142 534 2228 corrigendum
557 2151 617 2222 est,
640 2142 796 2227 corriges3
819 2164 1005 2228 rursumque
1020 2142 1132 2206 liniens
1147 2142 1230 2205 sicut
1244 2141 1341 2227 prius,
1356 2164 1411 2206 so-

312 2243 437 2324 lidabis,
463 2240 570 2329 sicque
596 2243 703 2323 facies,
730 2244 832 2308 donec
860 2265 915 2328 per
940 2244 1047 2308 omnia
1072 2245 1200 2307 firmum
1221 2244 1290 2307 fiat.
1335 2244 1412 2309 Hoc

312 2345 410 2409 modo
433 2367 541 2430 parem
562 2346 734 2409 auriculam
757 2346 908 2410 formabis
925 2355 1021 2433 atque
1041 2346 1201 2410 solidabis.
1247 2344 1322 2420 Quo
1337 2368 1411 2431 per-

312 2457 385 2512 acto
402 2449 504 2534 junge
526 2470 580 2511 eas
600 2456 748 2533 utrasque
770 2447 810 2511 ad
826 2469 882 2511 vas
904 2448 1011 2512 calicis
1033 2447 1065 2511 in
1088 2447 1153 2512 suis
1174 2446 1262 2527 locis,
1278 2456 1311 2510 et
1324 2447 1411 2511 circa

312 2573 367 2615 eas
392 2551 489 2614 facies
511 2550 592 2614 duos
616 2557 736 2615 tractus
760 2549 792 2611 in
816 2549 885 2634 ipso
904 2570 980 2612 vase
1001 2572 1075 2613 cum
1099 2550 1222 2628 subula,
1246 2570 1303 2633 per
1326 2569 1409 2634 quos

312 2653 415 2738 possis
430 2652 639 2731 considerare,
653 2662 689 2715 ut
700 2658 784 2714 recte
798 2658 884 2714 stent
897 2650 930 2713 in
945 2651 1123 2715 solidanda.
1170 2651 1296 2714 Deinde
1309 2650 1410 2713 funde

311 2776 424 2840 purum
436 2776 548 2817 aurum
559 2763 591 2817 et
606 2753 745 2818 admisce
761 2753 790 2816 ei
800 2752 926 2816 tertiam
942 2763 1064 2839 partem
1075 2753 1164 2840 cupri
1178 2751 1268 2815 rubei
1283 2759 1316 2814 et
1326 2752 1410 2836 puri,

311 2857 399 2943 quod
420 2857 536 2942 pariter
559 2856 663 2919 fusum
684 2865 716 2919 et
733 2854 857 2919 modice
879 2877 1063 2940 percussum
1081 2855 1208 2918 limabis
1230 2853 1357 2938 penitus
1376 2862 1411 2916 et

312 2980 412 3044 pones
427 2959 460 3021 iu
475 2980 613 3044 pennam
629 2957 757 3021 anseris.
804 2957 885 3022 Post
899 2959 966 3021 haec
978 2959 1141 3021 accumula
1157 2965 1231 3050 ante
1245 2955 1409 3019 fornacem

311 3081 463 3145 magnum
480 3081 626 3123 acervum
649 3060 834 3138 carbonum,
857 3072 890 3124 et
906 3060 939 3122 in
954 3060 1000 3123 eis
1013 3082 1098 3145 pone
1112 3082 1169 3123 vas
1183 3058 1300 3137 calicis,
1313 3058 1359 3121 ita
1374 3069 1412 3121 ut

312 3162 464 3226 medietas
478 3161 547 3246 ejus
569 3161 699 3224 omnino
721 3162 780 3225 sub
803 3162 992 3225 carbonibus
1010 3163 1061 3242 sit,
1077 3172 1109 3227 et
1123 3162 1176 3226 illa
1190 3183 1263 3247 pars
1278 3159 1410 3225 omnino

312 3264 459 3343 emineat,
489 3285 584 3348 super
612 3284 709 3350 quam
738 3283 899 3348 unapars
929 3264 1013 3327 auris
1039 3264 1188 3351 ponenda
1213 3272 1279 3345 est3
1310 3284 1409 3349 quam

311 3370 417 3433 statim
433 3368 606 3453 conjunges
621 3365 660 3445 ei,
675 3373 707 3429 et
727 3365 817 3429 linies
839 3366 943 3451 ipsum
958 3386 1016 3428 vas
1037 3387 1110 3428 cum
1125 3364 1265 3429 auricula
1278 3363 1410 3427 interius

311 3481 344 3536 et
366 3471 503 3537 exterius
526 3491 599 3534 cum
621 3468 804 3546 solidatura,
827 3477 923 3554 atque
945 3467 1135 3545 limaturam,
1150 3466 1237 3554 quod
1255 3466 1289 3529 in
1304 3487 1411 3552 penna

311 3595 472 3659 posueras,
487 3571 658 3636 seminabis
677 3569 760 3634 circa
777 3570 954 3655 juncturas,
970 3590 1032 3657 qua
1056 3569 1139 3634 auris
1154 3569 1221 3632 vasi
1242 3568 1410 3655 conjungi-

309 3686 371 3755 tur,
387 3677 496 3761 sicque
515 3672 740 3759 circumposito
759 3672 834 3757 igne
853 3670 1022 3757 aggerabis
1042 3670 1197 3735 carbones
1217 3670 1409 3749 incircuitu,

311 3777 392 3841 sicut
405 3775 547 3861 superius
562 3775 674 3854 fecisti,
697 3774 780 3838 circa
801 3773 985 3852 auriculam,
1006 3782 1038 3836 et
1056 3773 1154 3836 ferros
1169 3772 1307 3858 desuper
1322 3793 1410 3836 com-

311 3900 420 3964 pones,
447 3899 527 3964 quos
549 3876 739 3941 carbonibus
760 3875 958 3939 abundanter
982 3874 1154 3960 cooperies.
1200 3873 1240 3937 In
1260 3873 1410 3938 anteriori

310 4001 386 4044 vero
407 3989 497 4065 parte
517 3980 599 4043 intra
621 4000 735 4043 carum
751 3977 834 4042 vasis
857 3999 1013 4063 compone
1034 3976 1190 4041 carbones
1210 3976 1243 4039 iu
1262 3976 1410 4040 similitu·

310 4081 417 4146 dinem
437 4081 553 4145 modici
574 4081 669 4162 furni,
684 4091 720 4145 ut
739 4080 894 4144 carbones
913 4080 1095 4144 incircuitu
1113 4079 1203 4143 densi
1219 4079 1362 4165 jaceant,
1377 4086 1410 4140 et
