3090 5174
689 540 878 583 TllliOPHlLl
903 540 1007 582 LIBER
1030 541 1083 583 lll.

549 817 778 913 CAPUT
837 814 1206 912 LXXXVHL

590 1065 764 1114 QUALITER
788 1063 948 1106 STAGNUM
973 1063 1175 1105 SOLIDETUR.

338 1198 600 1353 PERCUTE
617 1198 648 1260 in
666 1210 780 1282 stagno
795 1196 886 1283 quasi
905 1194 986 1259 duos
1006 1194 1128 1279 cyphos
1143 1195 1287 1280 aequales,
1308 1202 1342 1254 et
1357 1213 1432 1255 con·

432 1305 532 1388 junge
548 1302 617 1364 illos
633 1301 664 1362 in
680 1301 796 1376 medio,
817 1300 862 1362 ita
877 1308 912 1362 ut
932 1320 988 1363 ora
1003 1298 1096 1361 unius
1110 1298 1144 1360 in
1159 1299 1256 1361 altera
1271 1296 1431 1381 procedat,

337 1408 537 1494 inpositoque
554 1405 606 1467 illo
622 1404 675 1490 qui
691 1404 832 1467 continet
846 1400 1002 1466 cineribus
1017 1400 1136 1479 calidis,
1153 1408 1273 1486 partem
1289 1398 1430 1484 ejusdem

338 1510 452 1593 stagni,
476 1507 595 1593 plumbi
619 1506 716 1569 tercia
739 1514 828 1590 parte
852 1503 1005 1581 admixta,
1028 1512 1155 1589 percute
1182 1502 1379 1580 tenuissime,
1400 1509 1431 1561 et

339 1611 526 1673 intercidens
558 1609 767 1694 particulatim
796 1608 998 1692 circumpone
1012 1631 1020 1684 ;
1057 1606 1270 1692 adhibitisque
1298 1602 1429 1667 modicis

338 1713 527 1777 carbonibus
559 1711 674 1796 ignitis,
705 1732 780 1773 mox
810 1719 846 1773 ut
873 1709 1036 1773 incaluerit
1064 1709 1267 1793 circumunge
1297 1707 1427 1770 resinam

338 1814 459 1891 abietis,
489 1824 520 1876 ct
547 1834 622 1877 mox
652 1814 736 1897 ipsas
763 1813 932 1897 particulas
957 1813 1128 1898 liquescere
1153 1834 1191 1876 sc
1217 1810 1427 1875 circumfluere

339 1917 470 1979 videbis.
528 1915 609 1978 Mox
631 1915 821 1978 carbonibus
840 1916 966 1994 amotis,
989 1915 1205 2000 refrigeratum
1224 1915 1347 1977 firmum
1362 1911 1426 1973 erit

341 2019 413 2082 Hoc
435 2018 531 2081 modo
547 2017 673 2081 solidari
696 2026 800 2101 potest
822 2017 971 2103 quicquid
994 2017 1026 2080 in
1042 2039 1121 2103 puro
1143 2026 1258 2103 stagno
1281 2025 1328 2080 est
1341 2035 1426 2100 opus

339 2121 493 2199 videlicet,
516 2120 665 2184 effusoria
684 2120 718 2182 in
736 2119 883 2204 ampullis
898 2130 930 2182 et
945 2119 1102 2198 auriculae,
1124 2130 1221 2206 atque
1245 2116 1425 2205 ligaturaein

339 2222 453 2308 quibus
465 2222 613 2308 opercula
626 2222 775 2307 pendent,
789 2232 822 2285 et
835 2221 862 2285 si
877 2221 993 2308 aliquid
1005 2222 1147 2286 foramen
1159 2222 1191 2284 in
1203 2222 1285 2285 fusili
1297 2218 1424 2305 ampulla
1510 2238 1511 2241 ¹

340 2345 395 2408 per
409 2324 633 2411 negligentiam
648 2324 825 2410 contigerit

596 2910 828 3007 CAPUT
884 2910 1179 3007 LXXXIX

653 3145 700 3186 DE
723 3144 911 3190 FUNDENDO
935 3145 1134 3190 asrusoulo.

421 3308 561 3376 OTEST
580 3308 675 3374 etiam
696 3310 879 3376 effusorium
899 3311 990 3375 facile
1009 3311 1054 3375 ita
1070 3310 1207 3392 formari,
1231 3321 1266 3376 ut
1285 3313 1423 3377 incidatur

443 3413 539 3478 fissile
561 3411 683 3498 lignum
705 3411 886 3491 rotundum,
909 3422 941 3476 et
962 3411 1080 3478 foretur
1102 3414 1227 3479 terebro
1248 3415 1282 3477 in
1304 3415 1422 3501 longim-

344 3519 427 3597 dine,
450 3539 515 3581 non
537 3513 692 3601 usquead
712 3514 819 3592 finem,
842 3523 874 3578 et
889 3514 1027 3579 findatur
1049 3537 1104 3601 per
1125 3515 1276 3596 medium,
1298 3515 1422 3603 atquein

343 3623 467 3707 integro
480 3620 532 3683 illo
545 3618 696 3682 formetur
707 3617 860 3696 foramen,
882 3616 932 3681 cui
944 3616 1059 3680 ferrum
1081 3619 1252 3681 rotundum
1267 3618 1422 3682 secundum
1508 3678 1509 3693 ,

345 3721 524 3785 interiorem
547 3718 788 3805 amplitudinem
802 3718 955 3798 infusorii,
971 3719 1057 3784 tenui
1073 3720 1185 3806 argilla
1200 3720 1313 3785 illitum
1333 3722 1423 3806 injun-

345 3830 447 3908 gatur,
470 3829 502 3883 et
517 3820 592 3884 foris
608 3821 710 3886 valide
725 3820 967 3908 circumligetur,
983 3830 1206 3909 stagnumque,
1220 3823 1263 3886 illi
1279 3824 1423 3895 calefacto,

346 3919 539 3985 infundatur.
586 3920 661 3995 Quo
673 3922 856 4009 refrigerato
877 3923 998 4010 lignum
1013 3924 1164 4004 solvatur,
1179 3934 1212 3988 et
1227 3925 1342 3990 ferrum
1356 3922 1424 4010 ejici·
1508 3948 1509 3951 ¹

1507 3598 1509 3649 l

347 4036 429 4104 atur,
445 4023 689 4112 effusoriumque
710 4026 853 4089 limatum
869 4035 901 4090 et
916 4027 1089 4113 planatum,
1106 4027 1201 4092 modo
1217 4050 1282 4115 quo
1302 4027 1424 4115 superius
1508 4032 1509 4051 ¹

348 4128 467 4192 dictum
483 4134 540 4205 est,
556 4126 623 4191 vasi
638 4128 861 4193 consolidetur.
