3018 5170
345 534 409 595 346
698 552 887 596 rusorum
912 551 1015 593 masa
1038 551 1091 593 nr.

345 705 485 770 foramen
515 705 778 791 quadrangulum,
808 705 1015 791 amplitudine
1044 713 1180 792 quatuor
1207 701 1377 787 digitorum
1399 708 1430 762 et

345 807 427 871 circa
450 808 536 895 qnod
564 809 755 894 reliquantur
780 809 820 872 de
845 809 958 872 eodem
980 808 1067 893 ligno
1088 807 1212 883 limbus,
1233 805 1330 869 unius
1348 801 1428 885 digiti

346 911 518 975 latitudinis
537 922 569 976 et
591 912 805 990 altitudinis,
797 935 830 975 1n
848 934 911 999 quo
931 910 1150 975 conflatorium
1172 909 1352 994 inponatur
1395 905 1428 969 ln

346 1015 497 1100 superiori
517 1026 605 1101 perte
619 1021 693 1082 vero
716 1016 819 1079 lateris
840 1016 918 1080 fiant
937 1024 1103 1093 cavaturae,
1120 1036 1175 1100 per
1190 1035 1271 1099 quas
1287 1011 1380 1075 flatus
1393 1009 1483 1073 adi
1482 1026 1483 1043 ¹

346 1120 468 1183 fistulas
489 1120 588 1206 possit
602 1121 771 1207 pervenire.
816 1120 923 1183 Altera
937 1140 1012 1183 vero
1034 1138 1106 1203 pars
1128 1117 1215 1203 ligni,
1238 1138 1312 1203 quae
1333 1125 1364 1178 et
1383 1136 1430 1177 sn·
1482 1090 1483 1179 l

348 1223 458 1308 periori
474 1245 543 1287 esse
557 1223 662 1301 debet,
678 1223 823 1287 metiatur
834 1223 962 1286 interius
977 1221 1146 1308 aequaliter,
1161 1220 1216 1283 ubi
1231 1219 1432 1304 disponantur

347 1336 467 1412 septem
482 1327 530 1390 vel
549 1336 622 1390 octo
643 1336 809 1403 cavatnrae,
828 1324 858 1388 in
875 1325 990 1412 quibus
1005 1324 1170 1410 diligenter
1184 1323 1362 1408 jungantur
1380 1320 1430 1382 lin-

347 1452 427 1514 guae,
450 1429 493 1492 itu
516 1437 550 1493 nt
573 1427 711 1492 habeant
732 1428 856 1492 facilem
882 1450 1005 1492 cursum
1029 1427 1182 1491 educendi
1204 1436 1238 1490 et
1260 1422 1431 1501 reducendi,

348 1530 393 1594 sie
407 1539 514 1593 tamen
529 1540 564 1593 nt
579 1529 673 1593 nichil
690 1529 868 1615 spiraminis
883 1531 963 1594 inter
973 1532 1139 1616 juncturas
1154 1541 1259 1594 exeat.

395 1836 434 1901 ln
448 1834 599 1919 superiori
618 1842 725 1898 autern
737 1844 824 1919 parte
839 1833 936 1898 tonde
954 1842 1121 1913 cavaturae,
1136 1844 1247 1899 contra
1269 1833 1427 1907 inferiores,

349 1963 420 2028 quoe
442 1939 505 2003 sint
526 1938 755 2024 aliquantulum
778 1936 913 2016 latiores,
937 1938 1099 2024 inquibus
1115 1939 1295 2023 jungantur
1309 1935 1428 2001 totidem

349 2043 445 2127 ligne,
472 2041 517 2105 ita
539 2051 575 2106 ut
600 2041 681 2104 iuter
706 2040 774 2105 haec
798 2051 830 2105 et
855 2042 969 2126 majus,
996 2040 1072 2127 ligni
1103 2050 1254 2105 cavatum
1282 2046 1428 2104 remaneat

350 2167 461 2224 vacua,
485 2154 667 2231 perventus
690 2144 840 2209 ascendat
857 2144 899 2208 ad
918 2144 1049 2224 fistulas,
1064 2166 1138 2208 nam
1155 2145 1188 2208 in
1207 2145 1331 2209 eisdem
1350 2140 1428 2227 ligu'a

351 2249 505 2313 foramina
533 2248 600 2311 fieri
632 2248 758 2327 debent,
789 2249 821 2311 in
851 2248 963 2334 quibus
993 2249 1105 2313 fistulae
1133 2249 1331 2312 stabilienda
1358 2252 1426 2308 sunt

352 2351 518 2415 Cavaturae
541 2352 573 2415 in
597 2351 711 2437 quibus
737 2351 852 2435 linguae
872 2353 991 2437 junctas
1015 2353 1142 2417 suntin
1168 2351 1320 2416 anteriori
1345 2361 1428 2434 parte,

351 2456 520 2542 procedere
535 2455 673 2519 debeant
695 2455 786 2542 qnasi
800 2455 935 2542 obliquae
950 2456 1104 2536 fenestrae,
1122 2479 1178 2543 per
1194 2478 1278 2544 quas
1297 2458 1369 2542 lpsae
1381 2452 1427 2514 lin·

352 2581 423 2644 guoe
438 2558 675 2623 introducantur
691 2570 722 2622 et
737 2558 950 2624 extrahantur.

399 2935 436 2998 ln
451 2936 612 3021 posteriori
622 2957 695 2999 vero
707 2944 805 3022 parte,
816 2936 876 3001 sub
885 2939 948 3000 fine
958 2939 1094 3024 ipsarum
1106 2938 1297 3025 linguarum,
1309 2941 1383 3007 fiant
1391 2936 1427 2998 lo

354 3040 475 3102 ramina
486 3040 646 3126 aequaliter
657 3042 721 3103 lats
732 3051 764 3103 et
774 3041 881 3127 longa,
895 3063 1039 3106 mensura
1051 3042 1184 3106 duorum
1196 3043 1373 3130 digitorum,
1384 3058 1426 3126 per

353 3165 432 3229 quas
445 3154 556 3205 ventus
569 3143 669 3229 possit
679 3141 847 3207 ascendere
859 3144 900 3208 ab
911 3142 1107 3209 inferioribus
1119 3145 1160 3209 ad
1172 3148 1342 3232 superiora,
1354 3145 1391 3207 ita
1400 3152 1427 3203 ut

354 3269 426 3310 cum
441 3246 556 3331 linguae
568 3246 792 3332 impinguntur,
807 3248 860 3311 illa
872 3247 1025 3312 foramina
1039 3250 1080 3314 ab
1092 3250 1136 3314 eis
1148 3251 1358 3328 obstruantur,
1369 3265 1425 3310 cum

355 3373 428 3415 vero
440 3348 606 3413 trahuntur
617 3349 720 3415 denno
731 3362 871 3436 pateant.
906 3351 945 3413 ln
956 3351 1005 3415 his
1016 3374 1088 3416 vero
1099 3352 1192 3438 lignis
1203 3376 1275 3439 quae
1286 3348 1426 3439 superlin-

354 3477 434 3541 gnas
444 3455 621 3540 jungantur
633 3454 711 3517 fiant
721 3454 876 3519 foramina
887 3454 1052 3541 diligenter
1064 3466 1096 3520 et
1106 3456 1259 3536 ordinate,
1271 3454 1425 3522 secundun

355 3581 519 3623 nnmerum
530 3558 716 3637 fistularum,
730 3557 972 3645 uniuscujusque
984 3558 1060 3637 toni,
1075 3558 1107 3622 in
1123 3559 1237 3646 quibus
1248 3561 1324 3647 ipsae
1334 3555 1425 3622 fistule

355 3662 567 3748 imponantur,
593 3660 636 3723 ita
658 3669 694 3724 nt
715 3661 846 3725 firmiter
867 3672 960 3741 stent,
983 3674 1014 3725 et
1039 3663 1080 3726 ab
1102 3662 1299 3729 inferioribus
1318 3671 1424 3727 ventum

355 3765 535 3850 suscipiant.
582 3764 620 3829 In
635 3763 744 3829 caudis
764 3773 870 3829 autem
887 3764 1064 3850 linguarum
1085 3766 1260 3832 scribantur
1274 3769 1377 3832 littera
1389 3782 1424 3825 se·

356 3866 494 3930 cundum
519 3889 685 3932 ascensum
708 3878 741 3933 et
762 3869 958 3947 descensum,
983 3880 1093 3932 centus
1113 3870 1228 3955 quibus
1251 3873 1347 3957 possit
1367 3884 1426 3947 cog·

356 3969 444 4032 nosci
465 3970 536 4058 quis
559 3971 618 4051 ille,
640 3972 689 4036 vel
709 3970 762 4034 ille
781 3980 876 4036 tonus
898 3970 947 4036 sit
994 3972 1032 4035 ln
1055 3973 1186 4060 singulis
1206 3985 1311 4040 autem
1332 3967 1425 4057 linguis

356 4073 435 4136 fiarrt
453 4072 608 4138 foramina
627 4074 752 4160 singula
769 4074 906 4158 gracilia,
927 4076 1122 4162 longitudine
1141 4077 1262 4142 dimidii
1279 4077 1364 4166 digiti
1382 4069 1426 4137 mi·

357 4177 452 4254 noris,
470 4177 504 4241 in
521 4177 677 4243 anteriore
694 4185 793 4262 parte,
810 4178 904 4264 juxta
923 4178 1041 4243 caudas
1061 4180 1093 4243 in
1111 4180 1316 4268 longitudine,
1332 4182 1360 4244 iu
1371 4171 1424 4263 qui·

356 4281 417 4345 bus
431 4290 589 4368 ponentur
603 4281 717 4365 singuli
739 4279 819 4343 clavi
841 4281 946 4366 caprei
961 4282 1099 4369 capitati,
1114 4284 1169 4371 qui
1184 4275 1425 4371 pertranseuntis

357 4385 461 4448 medio
480 4385 669 4463 fenestallas,
692 4384 806 4469 quibus
828 4384 1016 4449 inducuntur
1037 4387 1113 4472 ipsae
1134 4388 1249 4474 linguas
1264 4412 1284 4453 a
1299 4378 1423 4475 superiori

357 4486 453 4549 latere
469 4487 581 4551 domus
598 4510 695 4573 usqne
716 4487 756 4549 ad
777 4486 914 4565 inferius,
930 4497 961 4551 et
979 4501 1152 4577 appareant
1169 4494 1326 4558 clavorum
1341 4486 1421 4573 caplffl
