3018 5170
334 502 396 565 3:38
687 520 876 565 susurrum
902 519 1005 564 nisan
1027 522 1079 564 nr.

335 696 406 737 cum
423 674 540 737 eisdem
564 673 650 737 lenis
673 674 835 759 percuties,
857 685 893 738 ut
915 675 1066 753 (eatenus
1084 675 1243 737 eleventur
1257 669 1407 747 tractus¹).

336 777 431 853 Quod
458 799 529 841 cum
555 787 620 840 tam
645 776 699 841 diu
725 776 833 841 feceris
857 777 960 841 donec
981 777 1088 863 image
1110 776 1238 839 omnino
1260 775 1409 850 formetur,
1491 848 1492 865 ξ

335 902 407 944 cum
423 881 511 943 serris
527 880 666 944 fossoriis
689 890 721 943 et
742 881 866 943 rasoriis
881 880 981 943 fodies
995 879 1079 944 circa
1093 880 1201 943 oculos
1216 887 1248 942 et
1268 899 1364 954 nares,
1377 896 1410 939 es
1491 880 1492 929 l

336 993 367 1047 et
382 994 520 1048 mentum
537 992 569 1046 et
588 1004 690 1059 aures,
713 983 957 1069 designabisque
979 982 1109 1069 capillos
1123 990 1155 1045 et
1169 1002 1278 1045 omues
1293 978 1412 1043 subtiles

336 1087 590 1150 vestimentorum
613 1094 741 1165 tractus,
763 1095 795 1150 et
815 1108 938 1173 ungues
960 1106 1110 1150 manuum
1125 1094 1158 1149 et
1176 1084 1301 1171 padum.
1345 1081 1412 1157 Quo

336 1190 431 1269 facto,
454 1189 480 1253 si
503 1189 638 1254 volueris
659 1211 792 1254 coronas
814 1191 986 1277 imaginum
1009 1211 1121 1255 ornare
1142 1187 1285 1276 gemmis,
1307 1187 1413 1251 electro

335 1302 431 1380 atque
446 1294 632 1378 margaritis,
655 1293 762 1358 statim
784 1316 914 1382 operare
933 1294 1074 1380 singulas
1089 1301 1196 1378 partes
1211 1291 1243 1354 in
1258 1312 1334 1354 auro
1347 1310 1412 1352 cum

335 1396 396 1458 filis
411 1404 443 1458 et
456 1395 638 1475 solidatura,
654 1396 734 1461 sicut
749 1397 891 1483 superius
912 1397 944 1460 in
959 1417 1053 1482 opere
1067 1394 1188 1474 calicis,
1203 1402 1235 1457 et
1248 1393 1413 1479 adjungens

336 1517 589 1583 unamquamque
604 1498 675 1561 loco
687 1521 754 1577 suo,
766 1499 817 1563 fac
833 1498 997 1579 foramina,
1013 1520 1068 1585 per
1081 1520 1153 1585 quse
1167 1498 1284 1584 configi
1296 1497 1411 1573 debent,

335 1598 479 1662 videlicet
493 1600 553 1663 sub
568 1602 739 1686 majoribus
754 1604 898 1689 gemmis,
914 1602 990 1667 etin
1005 1623 1102 1687 cupro
1117 1600 1296 1688 aequalitem
1316 1600 1412 1685 sicque

335 1702 502 1766 deaurabis
517 1704 658 1766 tabulam
680 1715 712 1769 et
733 1706 832 1791 polles
855 1727 925 1769 eam
947 1705 978 1768 in
1002 1704 1110 1790 primis
1125 1724 1197 1767 cum
1213 1703 1274 1766 filis
1288 1724 1327 1767 ex
1341 1703 1412 1766 aun'·

336 1808 423 1869 calco
439 1807 519 1870 sicut
533 1829 635 1892 supra,
651 1808 764 1871 deinde
787 1832 859 1874 cum
882 1808 970 1872 ferris
985 1807 1176 1895 aequalibus;
1200 1806 1306 1892 sicque
1320 1807 1411 1870 color-

338 1909 406 1971 abis
422 1920 453 1971 et
467 1910 608 1994 configas
624 1911 691 1973 auri
713 1922 817 1997 partes
839 1933 1095 1999 unamquamque
1107 1910 1140 1973 in
1152 1932 1210 1973 suo
1226 1910 1305 1986 loco,
1320 1909 1409 1993 impe

336 2033 455 2098 nesquc
470 2035 613 2097 gemmas
628 2025 660 2076 et
674 2015 909 2102 circumligabis
925 2014 1120 2101 margaritas.

381 2115 503 2179 Eodem
520 2117 626 2193 modo,
650 2119 675 2180 si
696 2104 830 2182 ¹facultas
845 2120 876 2182 in
899 2116 1285 2202 censu²fire1it,p0tesin
1301 2135 1372 2177 auro
1384 2121 1411 2175 et

337 2229 467 2304 argento
483 2219 584 2283 facere
597 2220 748 2307 imagines
761 2244 855 2307 super
870 2223 966 2286 libros
982 2219 1217 2307 evangeliorum
1229 2227 1261 2282 et
1272 2216 1410 2290 missales,

336 2329 368 2384 et
384 2322 499 2385 bestias
514 2332 608 2409 atque
630 2325 768 2389 aviculas
791 2347 829 2389 ac
851 2326 944 2390 flores
966 2346 1060 2409 super
1076 2324 1170 2387 sellas
1184 2330 1340 2407 equestres
1354 2338 1411 2380 me·

337 2432 499 2488 tronaium
525 2427 670 2491 exterius.
718 2427 812 2491 Fiunt
837 2429 950 2492 eodem
976 2428 1082 2505 mode,
1112 2426 1145 2489 in
1170 2424 1298 2511 scyphis
1323 2420 1410 2486 alueis

337 2528 403 2591 sive
423 2528 579 2614 argenties
596 2531 644 2593 vel
659 2530 808 2611 scutellis,
827 2530 860 2594 in
880 2530 995 2610 medio,
1010 2530 1131 2618 equites
1147 2537 1259 2593 contra
1273 2528 1411 2590 dracones

337 2630 402 2693 sive
416 2632 523 2694 leones
535 2634 583 2696 vel
599 2633 736 2721 gryphes
751 2644 938 2721 pugnantes,
954 2634 1060 2721 imago
1075 2633 1238 2697 Samsonis
1254 2632 1302 2694 vel
1319 2625 1412 2694 David

339 2754 394 2797 ora
405 2734 531 2797 leonum
543 2735 796 2823 confringentes;
815 2739 922 2801 leones
934 2759 1060 2824 quoque
1069 2736 1224 2822 simplices
1236 2742 1269 2798 et
1279 2731 1412 2821 gryphes,

338 2838 539 2901 idem-etiam
566 2839 681 2925 singuli
706 2840 844 2926 singulas
868 2842 1004 2927 pecudes
1030 2840 1231 2917 suffocantes
1256 2839 1319 2902 sive
1339 2832 1410 2899 aliud

338 2941 422 3026 quod
444 2941 579 3020 libuerit,
601 2943 749 3030 quodque
770 2945 941 3009 secundum
964 2945 1066 3032 operis
1088 2942 1297 3030 quantitatem
1312 2941 1410 3004 decens

339 3045 387 3105 vel
404 3054 512 3129 aptum
529 3045 631 3109 suerit.

613 3603 841 3700 CAPUT
897 3604 1144 3702 LXXIX.

536 3824 581 3866 DE
604 3823 791 3867 PURGANDA
814 3824 968 3875 ANTIQUA
991 3826 1235 3870 DEAURA'I'URA.

417 3972 533 4038 OLLE
556 3976 692 4061 smigma
714 3986 745 4040 et
767 3998 849 4062 pone
871 3975 902 4038 in
925 3977 1024 4060 pelve,
1048 3978 1112 4040 sive
1134 3977 1196 4042 alio
1210 3998 1284 4043 vase
1298 3975 1408 4049 mundo,

437 4077 665 4164 superfundens
688 4078 716 4143 ei
740 4099 854 4165 aquam
876 4078 1027 4142 mundam
1051 4089 1146 4166 atque
1162 4081 1324 4168 diligenter
1336 4099 1409 4145 com-

341 4185 438 4249 misce
453 4204 552 4269 usque
568 4182 608 4245 sit
623 4183 757 4268 spissum
780 4190 817 4244 ut
838 4182 900 4259 fex,
916 4182 960 4246 ita
978 4192 1014 4246 ut
1032 4182 1222 4272 ubicumque
1237 4201 1410 4272 superpona-

341 4300 392 4351 tur
406 4307 470 4349 non
486 4285 585 4372 possit
599 4284 703 4349 fluere.
751 4284 875 4348 Deinde
898 4307 970 4349 cum
987 4286 1061 4350 setis
1083 4288 1169 4372 porci
1185 4289 1274 4354 linies
1287 4289 1363 4352 lranc
1375 4283 1412 4347 di·

440 4424 446 4453 ¹
465 4428 552 4472 lacuna
563 4432 600 4481 est,
613 4424 639 4470 iu
652 4425 708 4471 cod,
720 4423 791 4470 Ilarl.
803 4424 829 4468 iu
841 4423 880 4469 lec
893 4425 955 4471 loco:
972 4424 1119 4485 impleamus
1129 4441 1157 4471 rx
1169 4427 1226 4474 (lod.
1241 4428 1333 4490 ttrrelpl.

437 4506 447 4533 '
458 4504 506 4553 irad
518 4509 533 4533 ‘⁴
542 4506 632 4553 sensu.''
