3090 5174
333 499 397 562 360
684 519 873 562 rusormnr
899 518 1003 561 masa
1022 518 1074 561 111.

334 680 439 732 autem
455 670 578 754 penitus
601 669 704 754 adipe,
721 669 851 732 obstrue
874 670 1028 732 foramina
1050 680 1183 755 utraque
1198 666 1311 753 argilla
1326 687 1425 728 mace·

334 773 404 835 rata
418 773 503 835 recta
520 793 676 848 mensura,
693 771 736 833 ita
759 778 872 834 utnon
888 771 1023 836 violetur
1039 792 1095 834 ora
1110 791 1286 855 campanae,
1301 778 1333 832 et
1347 767 1425 830 circa
1514 816 1515 861 ἰ

335 874 468 937 formam
485 873 697 937 abundantius
713 873 828 937 adhibe
847 874 944 959 ligna,
961 881 996 936 ut
1012 896 1066 958 per
1081 882 1181 937 totam
1197 873 1281 935 diem
1296 892 1426 957 sequen·
1514 874 1515 939 J

335 987 462 1062 temque
487 986 612 1040 noctem
637 976 719 1061 ignis
750 999 813 1039 non
838 977 975 1041 deficiat.
1023 975 1153 1038 Interim
1177 975 1254 1038 tolle
1278 972 1426 1036 cacabum
1514 966 1515 969 ’

336 1080 471 1142 ferreum
493 1079 525 1140 in
549 1078 647 1142 fundo
671 1079 851 1157 rotundum,
875 1077 948 1141 huic
972 1077 1174 1141 solummodo
1197 1075 1286 1162 operi
1311 1082 1426 1159 aptum,
1514 1064 1515 1129 ζ

336 1181 389 1268 qui
406 1204 445 1244 ex
461 1193 591 1266 utraque
607 1192 696 1267 parte
707 1204 799 1245 aures
814 1181 930 1245 ferreas
946 1180 1026 1243 duas
1042 1178 1168 1257 habeat,
1184 1185 1239 1240 aut
1254 1178 1279 1240 si
1295 1175 1427 1238 maxima
1514 1164 1515 1233 i

337 1306 493 1367 campana
508 1283 576 1361 erit,
591 1284 672 1347 duos
687 1285 737 1347 vel
760 1294 832 1362 tres,
848 1292 880 1346 et
902 1282 1015 1345 illinies
1034 1303 1090 1345 eos
1104 1280 1236 1343 interius
1251 1287 1284 1342 et
1298 1277 1427 1342 exterius
1514 1340 1515 1365 ¹

337 1385 448 1470 argilla
463 1386 584 1448 fortiter
599 1386 767 1465 macerata,
783 1386 879 1449 semel
892 1394 925 1448 et
940 1384 1052 1447 iterum
1068 1404 1106 1446 ac
1121 1382 1224 1460 tertio,
1239 1382 1341 1445 donec
1354 1380 1427 1442 duo·
1514 1378 1515 1417 ἶ

337 1488 397 1550 bus
412 1487 519 1571 digitis
535 1488 636 1572 spissa
652 1487 702 1566 sit,
718 1497 750 1552 et
772 1488 863 1551 sistes
884 1508 939 1550 eos
954 1484 1141 1550 altrinsecus
1156 1494 1268 1548 contra
1282 1506 1326 1562 se,
1341 1483 1384 1545 ita
1397 1491 1428 1543 ut
1514 1548 1515 1551 Ἴ

338 1589 419 1651 inter
434 1612 489 1653 eos
504 1589 540 1652 iri
563 1590 672 1675 possit,
695 1600 727 1653 ct
748 1589 808 1653 sub
830 1588 876 1652 cis
898 1609 998 1673 pones
1019 1596 1136 1650 terram
1151 1585 1327 1670 simplicem
1341 1594 1427 1670 atque

339 1691 539 1777 circumfiges
561 1693 696 1778 paxillos
719 1692 842 1777 ligneos
863 1691 896 1753 iu
918 1689 1044 1754 duobus
1059 1693 1134 1754 vero
1148 1689 1236 1766 locis,
1252 1688 1301 1751 vel
1316 1686 1341 1749 si
1355 1705 1428 1769 opus
1514 1678 1515 1739 ]

340 1793 434 1857 fuerit
456 1793 566 1872 tribus,
591 1793 644 1856 ubi
672 1793 763 1857 folles
792 1792 909 1878 apponi
939 1792 1067 1868 debent,
1094 1791 1173 1875 liges
1198 1789 1279 1854 duos
1304 1787 1427 1874 paxillos

340 1897 461 1961 fortiter
476 1895 636 1981 aequaliter
651 1897 743 1972 latos,
758 1906 791 1958 et
803 1894 949 1958 intereos
965 1892 1061 1956 facies
1073 1894 1216 1956 foramen
1228 1900 1338 1956 contra
1348 1910 1427 1953 oram
1514 1900 1515 1907 ’

341 1996 462 2071 cacabi,
479 1997 523 2060 ita
537 2006 572 2059 ut
587 2007 701 2061 ventus
719 1996 800 2060 inter
818 2018 890 2060 eum
906 1996 1022 2075 vemat,
1037 2005 1070 2058 et
1086 1994 1217 2080 singulis
1233 1992 1427 2056 solaminibus
1514 2050 1515 2053 ,

341 2100 474 2184 inpones
488 2099 631 2185 singulos
647 2099 745 2162 ferros
767 2110 877 2162 tenues
894 2108 990 2184 atque
1005 2096 1222 2184 complicatos,
1237 2096 1282 2159 ita
1297 2105 1330 2158 ut
1344 2093 1374 2156 in
1388 2092 1427 2155 eis
1514 2096 1515 2153 J

342 2202 465 2287 possint
487 2201 601 2264 fistulae
624 2201 744 2265 follium
767 2201 897 2264 firmiter
914 2201 1040 2285 jacere3
1063 2200 1171 2285 sicque
1193 2220 1267 2262 cum
1282 2194 1427 2281 lapidibus
1513 2238 1515 2275 4

342 2315 374 2366 et
389 2304 499 2388 argilla
522 2303 619 2366 facies
641 2325 735 2388 super
757 2303 861 2389 ipsum
882 2302 1035 2366 cacabum
1058 2302 1089 2365 in
1111 2300 1245 2366 circuitu
1267 2299 1427 2372 fornacem,

342 2408 422 2490 pede
448 2416 481 2470 et
504 2405 634 2469 dimidio
658 2407 767 2486 altam,
794 2415 889 2492 atque
911 2406 1041 2470 interius
1067 2404 1228 2490 [equaliter
1254 2402 1341 2465 linies
1362 2420 1425 2462 cum

342 2509 453 2572 eadem
483 2509 602 2594 argilla,
632 2510 741 2595 sicque
771 2509 925 2573 carbones
953 2508 1071 2595 ignitos
1095 2527 1248 2592 appones.
1294 2502 1427 2588 Cumque

342 2610 475 2695 singulis
497 2610 624 2674 cacabis
647 2610 788 2674 similiter
811 2610 932 2690 feceris,
955 2611 1056 2689 folles,
1079 2618 1203 2672 etcum
1226 2601 1428 2669 instrumentis

343 2712 408 2774 suis
430 2712 462 2775 iu
484 2712 600 2798 quibus
623 2712 754 2775 firmiter
771 2713 911 2797 jaceant,
934 2734 1085 2799 appones,
1108 2710 1276 2795 unicuique
1296 2705 1427 2772 foramini
1514 2726 1515 2803 p

343 2813 435 2893 duos,
461 2823 493 2876 et
514 2813 683 2899 unicuique
713 2814 777 2877 folli
804 2813 972 2899 deputabis
998 2816 1093 2879 fortes
1117 2814 1200 2878 viros
1221 2814 1311 2876 duos.
1353 2808 1427 2872 Cum
1513 2834 1515 2909 p

344 2929 450 2982 autem
465 2918 574 2982 cacabi
597 2918 727 2981 interius
750 2917 830 2982 bene
853 2918 1047 2996 cauduerint,
1070 2916 1173 2979 incide
1195 2913 1360 2999 unicuique
1373 2911 1428 2972 duo
1513 2918 1515 2977 l

344 3022 431 3105 ligna
446 3021 487 3083 de
501 3042 621 3106 quercu
636 3021 720 3083 sicca
735 3030 767 3084 et
781 3042 902 3105 grossa,
917 3020 963 3084 sic
975 3030 1051 3105 apta
1061 3027 1096 3082 ut
1110 3016 1233 3103 possint
1248 3014 1375 3079 fundum
1389 3011 1429 3073 iu·

344 3122 440 3187 terius
454 3121 595 3208 implere,
612 3132 644 3185 et
656 3122 737 3185 inter
746 3145 785 3186 ea
798 3122 939 3186 foramen
951 3123 1047 3186 facies
1058 3143 1114 3207 per
1127 3117 1213 3205 quod
1227 3117 1327 3202 possit
1339 3114 1380 3178 eis
1390 3112 1428 3173 iu-
1514 3104 1515 3113 ¹

345 3226 453 3304 fluere,
468 3235 563 3310 atque
585 3224 764 3308 superhaec
787 3224 851 3288 duo
874 3225 971 3311 ligna,
986 3225 1048 3288 alia
1066 3222 1208 3308 ejusdem
1232 3240 1390 3294 mensurae,
1402 3222 1429 3277 et

345 3332 378 3394 in
394 3328 523 3394 circuitu
539 3350 579 3392 ex
594 3326 707 3391 eodem
722 3328 809 3413 ligno
824 3349 908 3412 pone
922 3327 1012 3413 quasi
1024 3326 1159 3412 paxillos
1174 3323 1382 3409 prominentes
1395 3315 1428 3379 ab

347 3432 397 3497 his
412 3431 504 3519 lignis
520 3453 621 3517 usque
636 3451 729 3515 super
744 3451 833 3493 oram
849 3430 995 3492 fornacis.

348 4051 483 4130 quatuor
492 4050 597 4127 partes
608 4043 671 4105 sint
680 4044 768 4129 cupri
778 4053 810 4108 et
818 4044 930 4131 quinta
938 4045 1053 4130 stagni,
1063 4052 1158 4128 atque
1167 4041 1318 4125 dispones
1328 4033 1431 4101 unicui·

349 4167 411 4233 que
420 4145 551 4224 cacabo,
561 4145 739 4210 secundum
748 4168 839 4210 suam
851 4146 1071 4233 capacitatem,
1081 4166 1156 4208 suas
1166 4150 1281 4228 partes.
1321 4135 1432 4203 Deinde

348 4248 468 4312 vadens
483 4247 523 4311 ad
535 4247 697 4311 fornacem
714 4247 835 4328 formae,
845 4249 933 4312 eleva
945 4249 1088 4334 superius
1100 4246 1283 4332 operculum
1298 4253 1330 4306 et
1343 4237 1433 4305 consi·

349 4350 426 4414 dera
440 4349 575 4435 qualiter
585 4370 619 4413 se
632 4348 757 4413 habeat.
803 4349 837 4412 Si
852 4351 983 4417 omuino
998 4350 1161 4415 canduerit
1175 4346 1307 4411 interius
1322 4359 1432 4408 recurra

1514 3516 1515 3545 r

1514 3548 1515 3603 l

392 3938 467 4013 Quo
488 3940 583 4019 facto,
604 3940 794 4026 ponderabis
814 3964 909 4005 omne
928 3951 1133 4007 aeramentum
1153 3939 1241 4027 quod
1262 3938 1370 4013 habes,
1387 3942 1432 3996 aut
1514 3936 1515 3947 ¹

349 4453 390 4515 ad
402 4452 538 4516 cacabos
549 4460 581 4514 et
591 4450 737 4537 primitus
750 4450 885 4516 immitte
897 4453 1051 4517 carbones
1065 4450 1203 4538 grossos
1252 4447 1374 4512 Deinde
1384 4444 1432 4507 iru-
