3018 5170
681 520 873 564 THEOPHILI
898 523 1002 566 mulsa
1025 524 1077 565 111.

587 805 816 903 CAPUT
876 803 1138 902 XLVIII.

679 1028 724 1070 DE
748 1027 840 1070 Auno
864 1027 1071 1073 HYSPANICO.

327 1177 453 1328 EST
469 1192 565 1241 etrum
584 1201 705 1257 aurum,
721 1180 807 1265 quod
824 1179 938 1243 dicitur
965 1179 1197 1266 Hyspanicum,
1213 1182 1302 1268 quod
1325 1183 1422 1245 confi·

425 1284 504 1345 citur
534 1305 575 1345 ex
603 1283 701 1346 rubeo
729 1304 827 1367 cupro
843 1293 874 1345 et
901 1283 1028 1367 pulvere
1052 1283 1189 1347 basilisci
1211 1292 1244 1346 et
1268 1284 1422 1367 sanguine

324 1387 467 1450 humano
491 1397 585 1473 atque
602 1396 703 1450 aceto.
749 1385 895 1450 Gentiles
917 1385 1012 1465 enim,
1028 1409 1163 1473 quorum
1179 1386 1293 1470 peritia
1314 1385 1346 1447 in
1361 1385 1421 1450 hac

324 1501 390 1552 arte
408 1489 581 1574 probabilis
596 1499 654 1567 est,
671 1497 781 1552 creant
796 1488 855 1551 sibi
878 1488 1044 1551 basiliscos
1060 1489 1121 1553 hoc
1136 1489 1245 1553 modo.
1291 1488 1422 1553 Habent

326 1591 385 1653 sub
402 1603 484 1654 terra
499 1593 630 1654 domum
647 1592 789 1678 superius
805 1599 837 1654 et
851 1589 982 1653 inferius
997 1612 1038 1652 ex
1054 1591 1141 1653 omni
1157 1601 1246 1676 parte
1261 1591 1419 1677 lapideam

323 1715 395 1755 cum
411 1693 536 1757 duabus
552 1694 765 1772 fenestellulis,
781 1702 847 1755 tam
862 1692 1021 1771 brevibus,
1037 1702 1074 1756 ut
1092 1693 1144 1757 vix
1160 1693 1277 1780 aliquid
1295 1695 1419 1757 luminis

326 1817 446 1881 pereas
462 1807 614 1882 appareat
623 1822 632 1876 ;
655 1797 796 1882 inquam
814 1802 937 1881 ponunt
947 1794 1028 1857 duos
1043 1796 1145 1880 gallos
1160 1804 1283 1859 veteres
1298 1797 1418 1861 duode-

322 1898 386 1960 cim
402 1907 456 1960 aut
480 1899 662 1985 quindecim
678 1921 843 1975 annorum,
859 1908 891 1961 et
914 1897 992 1959 dant
1007 1896 1052 1959 eis
1077 1896 1183 1960 cibum
1200 1898 1417 1962 sufficientem.

323 2000 388 2076 Qui
404 2024 478 2064 cum
493 2002 659 2065 incrassati
683 2002 809 2079 suerint,
825 2023 866 2064 ex
881 2000 985 2063 calore
1000 1998 1204 2085 pinguedinis
1227 2001 1419 2063 conveniunt

322 2104 403 2168 inter
419 2128 452 2168 se
474 2114 506 2167 et
522 2117 645 2190 ponunt
660 2126 730 2168 ova.
775 2104 902 2179 Quibus
917 2100 1028 2186 positis
1043 2101 1199 2164 eiciuntur
1214 2102 1300 2187 galli,
1316 2114 1350 2166 et
1363 2102 1417 2165 im·

326 2208 491 2272 mittuntur
501 2209 635 2272 bufones
646 2208 700 2295 qui
713 2228 773 2271 ova
782 2207 921 2283 foveant,
928 2204 1042 2290 quibus
1053 2203 1148 2266 datur
1156 2204 1248 2288 panis
1257 2204 1291 2267 in
1301 2206 1415 2269 cibum.

324 2308 413 2373 Fotis
439 2322 545 2374 autern
572 2311 641 2374 ovis
665 2309 869 2396 egrediuntur
895 2305 988 2392 pulli¹
1017 2305 1100 2369 sicut
1121 2306 1198 2390 pulli
1218 2308 1415 2392 gallinarum,

321 2413 439 2499 quibus
463 2424 537 2498 post
551 2414 619 2477 dies
643 2423 764 2498 septem
780 2420 925 2475 crescunt
950 2408 1060 2471 caudae
1076 2408 1280 2492 serpentium,
1296 2411 1415 2474 statim·

322 2538 395 2601 que,
422 2517 449 2579 si
473 2539 537 2580 non
567 2525 651 2580 esset
679 2515 895 2601 pavimentum
920 2512 1036 2575 domus
1065 2511 1235 2596 lapideum,
1265 2513 1416 2576 intrarent

321 2628 446 2681 terram.
493 2619 590 2695 Quod
617 2629 765 2683 caventes
792 2637 899 2679 eorum
925 2613 1066 2700 magistri
1091 2614 1211 2677 habent
1230 2637 1309 2680 vasa
1331 2637 1415 2679 aenee

323 2720 470 2799 rotunda,
481 2744 607 2807 magnae
620 2719 845 2805 amplitudinis,
855 2740 895 2780 ex
906 2716 993 2779 omni
1003 2724 1092 2801 parte
1102 2716 1271 2801 perforata,
1285 2739 1412 2803 quorum

321 2843 377 2884 ora
392 2833 467 2885 sunt
482 2825 600 2901 stricta,
613 2823 728 2909 quibus
744 2822 912 2905 imponunt
922 2818 1008 2902 ipsos
1021 2818 1122 2902 pullos
1136 2828 1169 2880 et
1183 2819 1354 2883 obstruunt
1364 2839 1413 2883 ora
1507 2844 1508 2885 l

320 2924 445 3007 cupreis
473 2925 628 3009 operculis
644 2934 739 3009 atque
755 2923 814 2986 sub
831 2932 913 2985 terra
928 2921 1063 2998 fodiunt,
1078 2928 1110 2983 et
1129 2920 1329 3005 ingrediente
1345 2921 1411 2986 sub

319 3023 364 3084 tili
376 3034 458 3086 terra
469 3046 525 3109 per
537 3025 693 3088 foramina
703 3026 884 3088 nutriuntur
895 3046 951 3086 sex
963 3023 1133 3086 mensibus.
1180 3022 1261 3088 Post
1271 3024 1344 3089 haec
1354 3025 1410 3088 dis·

320 3126 508 3209 cooperiunt
521 3136 553 3192 et
577 3128 745 3213 adponant
759 3127 925 3212 copiosum
951 3126 1072 3210 iguem,
1087 3124 1190 3189 donec
1205 3125 1316 3191 bestiae
1338 3129 1409 3192 inte·

320 3224 384 3289 rius
396 3229 528 3293 omnino
538 3229 775 3294 comburantur.
807 3228 883 3304 Quo
895 3228 979 3291 facto
996 3219 1068 3291 cum
1080 3228 1298 3313 refrigeratum
1314 3231 1407 3309 fuerit,

318 3328 435 3394 elciuut
455 3340 487 3394 et
502 3332 671 3418 diligenter
693 3341 810 3410 terunt,
826 3331 981 3395 addentes
1003 3330 1033 3394 ei
1048 3330 1173 3393 tertiam
1196 3342 1321 3416 partem
1343 3355 1407 3398 san·

318 3434 424 3518 guinis
436 3435 573 3499 hominis
583 3436 652 3514 rufi,
669 3434 723 3521 qui
733 3434 864 3520 sanguis
879 3432 1057 3497 exsiccatus
1069 3443 1101 3494 et
1112 3432 1205 3497 tritus
1219 3435 1287 3498 erit.
1335 3435 1405 3499 Hanc

317 3536 383 3600 duo
418 3538 595 3624 composita
628 3546 843 3621 temperantur
872 3544 965 3598 aceto
995 3555 1069 3597 acro
1097 3533 1130 3596 in
1161 3557 1236 3600 vase
1270 3537 1403 3612 mundo;

317 3640 433 3703 deinde
448 3641 609 3727 accipiunt
631 3639 831 3704 tenuissimas
846 3637 972 3701 tabulas
990 3637 1079 3700 rubei
1095 3638 1183 3723 cupri
1198 3639 1364 3724 purissimi,
1378 3645 1405 3699 et

317 3740 484 3823 superbas
507 3742 621 3805 liniunt
636 3742 717 3804 hauc
742 3738 972 3803 confectionem
988 3761 1028 3803 ex
1052 3732 1185 3826 utraque
1205 3752 1294 3827 parte
1316 3752 1404 3827 atque

318 3840 447 3902 mittunt
458 3841 490 3902 in
502 3842 620 3927 ignem.
666 3842 812 3928 Cumque
824 3841 1019 3920 canduerint,
1031 3841 1203 3905 extrahunt
1213 3853 1245 3906 et
1256 3843 1287 3905 in
1300 3844 1402 3908 eadem

317 3942 515 4006 coniectione
531 3945 700 4031 extingunt
721 3952 754 4006 et
768 3945 887 4021 lavant,
902 3943 1011 4029 sicque
1033 3941 1155 4004 tamdiu
1177 3942 1295 4006 faciunt
1309 3944 1402 4007 donec

315 4045 384 4129 ipsa
399 4046 557 4110 confectio
577 4068 710 4132 cuprum
726 4044 969 4122 transmordeat,
985 4052 1017 4107 et
1038 4042 1129 4107 inde²
1143 4059 1172 4107 et
1189 4045 1329 4109 colorem
1343 4043 1401 4108 auri

315 4146 477 4233 suscipiat.
523 4148 595 4213 Hoc
611 4171 723 4213 aurum
739 4147 887 4212 omnibus
902 4145 1050 4233 operibus
1066 4155 1176 4231 aptum
1190 4156 1248 4210 est

673 4284 680 4313 ¹
699 4288 715 4310 “
728 4283 848 4342 lllaaculi,”
859 4285 888 4331 in
901 4285 956 4332 0001.
966 4286 1064 4346 Guelprl.

670 4365 679 4394 ⁸
698 4370 712 4390 “
724 4366 837 4427 ponduu,'’
854 4368 890 4414 r'd.

600 4543 1067 4554 mm*
