3018 5170
671 566 863 614 rnnot’flrnr
888 571 991 617 LIBER
1015 574 1068 618 ΙΙΙ.

591 854 819 952 CAPUT
879 856 1153 956 LXXllL

691 1085 736 1127 DE
759 1085 871 1129 OPERE
893 1086 1066 1131 runcum.

413 1232 524 1296 lUNT
539 1233 634 1297 etiam
655 1233 779 1296 lamina
802 1234 843 1297 de
866 1252 974 1320 cupro,
998 1234 1095 1299 modo
1121 1254 1186 1322 quo
1213 1234 1368 1321 superius,
1392 1243 1422 1298 et
1502 1224 1503 1319 l

424 1336 587 1399 fodiuntur
605 1337 713 1421 gracili
728 1358 822 1421 opere
837 1336 1022 1422 imaginum,
1035 1337 1150 1403 florum
1165 1339 1230 1401 sive
1246 1337 1420 1416 bestiamm,

334 1449 366 1501 et
382 1439 425 1500 ita
440 1438 617 1523 disponitur
632 1462 720 1524 opus,
736 1449 772 1502 ut
786 1441 889 1524 campi
906 1440 1026 1525 parvuli
1040 1440 1113 1520 sint,
1123 1440 1239 1503 deinde
1254 1449 1422 1526 purgantur

334 1563 405 1604 cum
430 1541 537 1604 subtili
562 1542 685 1619 sabulo,
707 1550 740 1605 et
762 1564 835 1605 cum
856 1542 944 1606 serris
966 1542 1007 1606 ad
1035 1542 1097 1608 hoc
1127 1564 1208 1628 opus
1237 1541 1319 1627 aptis
1345 1540 1421 1625 poli·

333 1652 429 1705 untur
450 1652 483 1705 et
504 1643 693 1707 colorantur.
740 1643 820 1707 Post
845 1643 913 1708 haec
935 1646 1017 1709 ferro
1041 1645 1209 1731 punctorio
1233 1650 1420 1730 punguntur,
1502 1670 1503 1729 p

334 1746 420 1831 quod
440 1745 502 1809 hoc
522 1745 617 1809 modo
642 1746 804 1810 formatur.
855 1746 907 1811 Ex
927 1746 1062 1833 chalybe
1082 1747 1121 1811 fit
1140 1746 1256 1810 sermm
1276 1745 1317 1808 ad
1336 1766 1420 1808 men-
1502 1744 1503 1835 l

333 1869 439 1909 suram
470 1847 559 1934 digiti
583 1850 725 1934 longum,
751 1849 785 1911 in
810 1871 875 1913 una
905 1848 1086 1913 summitate
1115 1847 1241 1933 gracile,
1266 1846 1299 1909 in
1327 1847 1420 1910 altera

333 1952 482 2035 grossius.
533 1951 630 2025 Quod
652 1973 727 2015 cum
751 1951 785 2015 in
808 1950 965 2038 graciliori
985 1958 1074 2036 parte
1097 1948 1259 2036 aequaliter
1281 1949 1419 2012 limatum

333 2053 435 2131 fuerit,
455 2075 527 2116 cum
550 2053 753 2117 subtilissimo
774 2053 855 2117 ferro
870 2063 903 2117 et
921 2053 1067 2117 malleolo
1086 2052 1259 2138 percutitur
1272 2052 1306 2115 in
1320 2051 1420 2115 medio

333 2156 401 2241 ejus
420 2154 532 2219 subtile
552 2156 705 2235 foramen,
732 2156 848 2220 deinde
867 2156 950 2220 circa
973 2155 1078 2242 ipsum
1098 2154 1241 2217 foramen
1260 2153 1421 2239 diligenter

332 2259 469 2337 limatur,
492 2258 594 2322 donec
609 2280 665 2322 ora
680 2260 748 2345 ejus
762 2260 795 2322 in
809 2259 941 2323 circuitu
961 2258 1122 2345 aqualiter
1136 2264 1230 2319 acuta
1244 2257 1311 2334 fiat,
1332 2256 1421 2318 itaut

332 2381 522 2447 quocunque
546 2361 738 2446 percutiatur
759 2361 960 2425 brevissimus
982 2361 1117 2426 circulus
1139 2366 1300 2445 appareat.
1345 2354 1422 2419 Post

333 2463 400 2527 lraec
416 2464 517 2548 ipsum
534 2463 650 2527 ferrum
666 2462 790 2527 modice
805 2463 1004 2543 emefacmm,
1025 2461 1128 2525 utrix
1143 2460 1323 2537 candescat,
1345 2468 1420 2522 tem·

332 2573 457 2650 peretur
480 2565 512 2627 in
537 2586 632 2651 aqua.
678 2564 803 2629 Deinde
826 2574 900 2631 tene
924 2565 1028 2652 ipsum
1045 2565 1161 2628 ferrum
1183 2561 1310 2627 sinistris
1328 2580 1420 2623 manu

331 2674 364 2729 et
378 2666 560 2730 malleolum
586 2667 709 2745 dextra,
737 2667 909 2754 sedeatque
934 2688 1012 2754 puer
1038 2674 1112 2731 ante
1136 2675 1169 2729 te
1193 2664 1250 2752 qui
1273 2664 1420 2727 laminam

331 2777 440 2834 teneat
453 2790 547 2855 super
569 2769 726 2849 incudem,
742 2777 774 2834 et
795 2778 882 2856 aptet
896 2770 930 2833 in
949 2769 1027 2834 locis
1041 2768 1107 2832 suis
1121 2768 1153 2830 in
1168 2766 1285 2855 quibus
1299 2786 1422 2851 percus·

331 2894 422 2937 surus
451 2894 496 2952 es,
523 2870 633 2959 sicque
658 2872 858 2936 mediocriter
885 2872 1064 2958 percutiens
1091 2869 1329 2955 superterram
1351 2884 1421 2930 cum

330 2975 476 3040 malleolo
499 2974 597 3060 imple
621 2995 770 3060 campum
796 2994 896 3038 unum
919 2972 1131 3038 subtilissimis
1154 2969 1281 3034 circulis
1304 2976 1421 3055 quanto

330 3076 459 3164 propius
474 3075 577 3160 possis
592 3077 786 3161 conjungere
805 3098 904 3140 unum
919 3075 1017 3140 alteri.
1063 3073 1206 3160 Impletis
1220 3071 1343 3158 campis
1357 3090 1421 3134 om·

330 3178 423 3242 nibus
437 3178 470 3241 in
484 3177 570 3241 hunc
585 3176 715 3241 modum
729 3198 813 3264 pone
826 3179 929 3265 ipsam
943 3178 1096 3242 laminam
1110 3195 1205 3262 super
1218 3195 1337 3260 prunas
1351 3193 1421 3237 can·

330 3281 452 3360 dentes,
467 3301 569 3365 usque
583 3281 801 3367 percussiones
817 3281 877 3345 illas
891 3280 1012 3345 firlrum
1026 3279 1165 3344 colorem
1179 3276 1343 3362 recipiant.

608 3828 841 3931 CAPUT
898 3824 1137 3928 Lxxlu

701 4052 747 4095 DE
769 4051 880 4094 OPERE
903 4044 1053 4093 nocuus.

333 4196 597 4351 PEROUTE
612 4199 752 4263 tabulam
765 4219 892 4262 auream
908 4197 974 4261 sire
989 4204 1173 4282 argenteam
1184 4202 1312 4281 quantoe
1323 4191 1422 4278 longi·

423 4300 542 4365 tudinis
557 4309 589 4364 et
602 4300 777 4365 latitudinis
793 4300 869 4364 velis
884 4299 925 4364 ad
940 4296 1109 4362 elevandas
1119 4290 1289 4382 imagines.
1328 4292 1422 4369 Quod

332 4425 443 4468 aurum
461 4403 511 4466 vel
533 4412 709 4489 argentum,
731 4424 805 4466 cum
829 4402 931 4488 primo
953 4398 1081 4478 fuderis,
1104 4398 1271 4484 diligenter
1292 4396 1423 4460 cucum-

334 4505 475 4569 radendo
490 4505 539 4569 vel
559 4505 710 4570 fodiendo
724 4506 855 4592 inspice,
876 4527 916 4568 ne
939 4504 1020 4568 forte
1040 4502 1147 4588 aliqua
1164 4499 1270 4566 vesica
1284 4499 1350 4563 sive
1372 4498 1424 4561 lis·
