3090 5174
692 530 883 574 ranorum
909 531 1013 575 menn
1036 532 1090 576 111.

644 819 878 917 CAPUT
938 821 1176 929 XCVL¹

688 1040 732 1081 DE
755 1040 870 1081 AUREA
894 1040 1095 1084 SCRIPTUM.

427 1196 502 1349 Sl
520 1203 589 1285 quis
605 1206 790 1289 scripturam
807 1208 917 1292 quaerit
932 1208 991 1270 sibi
1007 1207 1141 1270 scribere
1157 1205 1317 1290 pulchram

514 1302 563 1366 Ex
580 1327 666 1386 auru,
683 1307 768 1392 legat
785 1308 845 1370 hoc
861 1308 948 1393 quod
967 1308 1019 1370 viii
1034 1309 1173 1372 carmine
1187 1308 1270 1371 dieo.
1377 1352 1380 1357 -

426 1403 546 1467 Aurum
563 1429 635 1470 cum
653 1431 730 1492 puro
748 1431 833 1471 mern
850 1411 948 1473 molat
963 1432 1063 1495 usque
1078 1410 1218 1473 solutum

427 1504 498 1569 Hoc
513 1509 644 1571 nimium
661 1511 769 1590 fuerit;
797 1533 910 1574 moneo
926 1512 1011 1597 quod
1028 1533 1112 1597 saepe
1127 1512 1312 1590 teretium,

425 1606 510 1671 Nam
525 1612 600 1696 quia
614 1612 757 1699 deposcit
772 1613 834 1677 hoc
850 1615 990 1678 candens
1006 1613 1123 1700 pagina
1137 1614 1218 1678 libri.

426 1708 511 1773 Exin
527 1712 662 1777 thaurini
677 1714 774 1779 saciat
789 1716 980 1801 pinguedine
996 1716 1076 1779 fellis

424 1810 497 1876 Hoc
511 1813 675 1900 liquidum,
691 1817 717 1879 si
732 1817 799 1881 vult
813 1840 868 1881 seu
884 1840 956 1881 cum
973 1816 1165 1903 pinguedine
1180 1817 1311 1902 gummi.

423 1916 528 2000 Atque
544 1939 621 2002 rogo
636 1920 751 2003 pariter
766 1921 889 1984 calamo
905 1942 977 1983 eum
993 1919 1112 2005 ceperit
1127 1940 1239 1982 aurum

424 2016 518 2081 Illum
534 2036 742 2102 commoveat,
758 2022 886 2110 pulchre
902 2023 928 2085 si
943 2020 1077 2085 scribere
1092 2019 1211 2106 quaerit

425 2118 509 2183 Hinc
524 2123 641 2187 siccata
656 2125 712 2188 sed
727 2135 762 2188 ut
777 2125 869 2188 fuerit
885 2124 1051 2209 scriptura,
1066 2121 1220 2185 nitentem

425 2219 519 2286 Hunc
535 2226 668 2290 nimium
685 2227 779 2290 faciat
793 2227 857 2289 ursi
872 2248 945 2289 cum
958 2225 1053 2289 dente
1067 2222 1191 2287 ferocis.

619 2691 857 2790 CAPUT
915 2691 1195 2795 XCVIL²

605 2929 651 2971 DE
674 2926 841 2972 thomeus
864 2926 911 2967 An
933 2923 1167 2968 SCRIBENDUH.

424 3069 647 3223 FLORES
662 3072 695 3135 in
709 3071 814 3135 varios
828 3069 882 3157 qui
898 3069 966 3133 vult
980 3081 1102 3134 mutare
1117 3070 1240 3135 colores

513 3172 620 3236 Causa
635 3173 794 3237 scribendi
809 3193 892 3258 quoe
906 3171 976 3235 libri
992 3173 1111 3258 pagina
1125 3172 1238 3259 poscit,

423 3276 483 3341 Eat
497 3296 577 3361 opus
593 3284 629 3339 ut
643 3284 766 3361 segetes
780 3275 814 3339 in
829 3296 954 3338 summo
968 3296 1062 3339 mane
1076 3283 1214 3362 pererret

423 3377 467 3443 Et
481 3386 557 3442 tunc
572 3377 720 3442 diversae
729 3377 824 3441 flores
840 3385 973 3464 ortuque
989 3388 1131 3442 renentes

423 3480 580 3559 Inveniat,
596 3487 804 3565 properatque
819 3478 879 3542 eibi
894 3478 1061 3564 denerpere
1075 3479 1215 3543 eoadem.

421 3581 568 3670 Cumque
582 3582 670 3647 domi
685 3579 801 3646 fuerint
815 3588 928 3645 caveat
941 3601 982 3644 ne
996 3590 1095 3667 ponat
1109 3579 1143 3644 in
1157 3602 1258 3644 unum

422 3683 508 3763 Illos,
524 3683 580 3748 sed
596 3683 691 3748 faeiat
705 3683 791 3770 quod
807 3681 879 3746 talis
895 3704 945 3747 res
960 3682 1019 3745 sibi
1034 3682 1137 3767 poscit
1152 3683 1202 3747 vel
1215 3681 1336 3768 quaerit.

422 3786 510 3853 Dum
526 3807 620 3870 super
634 3784 788 3872 aequalem
804 3792 925 3870 petram
942 3783 1127 3847 contriveris
1142 3785 1221 3849 istos

422 3884 541 3965 Flores,
556 3886 716 3951 incoctum
731 3885 846 3972 pariter
861 3894 929 3948 tum
945 3904 1081 3970 congere
1095 3906 1243 3972 gypsum.

419 3985 473 4053 sic
486 3986 544 4051 tibi
558 3987 693 4053 siccatos
710 3986 827 4074 poteris
842 4007 968 4052 servare
984 3987 1114 4051 colores.

419 4089 472 4159 Ex
486 4090 603 4177 quibus
617 4089 650 4153 in
664 4089 797 4154 viridem
813 4088 841 4153 si
854 4090 902 4153 vis
917 4097 1040 4154 mutare
1054 4090 1206 4169 colorem,

419 4193 550 4260 Caleem
564 4192 736 4257 commisce
751 4214 824 4257 cum
839 4190 982 4271 floribus,
998 4191 1070 4255 inde
1085 4190 1208 4254 videbis

420 4296 517 4372 Quod
533 4294 589 4359 tibi
604 4293 764 4375 mandavi,
782 4294 878 4360 veluti
894 4293 962 4380 ipse
977 4292 1119 4380 probavi.

431 4464 438 4493 ¹
457 4462 587 4514 “hau'’
598 4462 689 4511 ridetur
700 4478 750 4512 aare.
1009 4461 1019 4489 ¹
1037 4458 1165 4510 “Brachi'’
1176 4461 1283 4525 captata
1294 4468 1329 4510 at.
