3018 5170
304 532 367 594 290
633 551 822 596 rnnorrrrnr
848 550 951 595 arnna
975 553 1027 595 111.

349 701 508 764 Inferioris
519 714 625 765 autem
642 703 739 786 partis
752 703 844 766 latior
859 703 984 779 limbus,
998 702 1103 765 incisis
1119 700 1241 785 angulis
1255 698 1389 761 similiter

304 806 334 865 in
351 803 453 867 crucis
464 804 592 866 modurn
608 804 804 883 formabitur,
820 814 855 868 ut
866 804 1017 890 superiori
1033 812 1209 890 coaptetur,
1224 812 1254 864 et
1269 800 1392 863 inferior

304 906 417 969 limbus
441 907 473 968 in
495 905 664 970 rotundum
687 907 824 971 finiatur.
870 906 931 971 His
956 907 1060 970 taliter
1083 906 1200 992 aptatis
1229 905 1301 968 tolle
1327 903 1392 966 duo

303 1008 389 1091 ligna
414 1006 454 1069 ad
482 1008 712 1091 longitudinem
741 1010 830 1094 pedis
845 1020 878 1073 et
902 1009 1146 1095 grossitudinem
1169 1029 1265 1094 quam
1291 1027 1393 1069 ceram

305 1108 421 1172 habere
437 1110 582 1187 volueris,
598 1111 746 1198 aliudque
764 1113 883 1197 lignum
895 1122 993 1176 tantoe
1007 1110 1213 1197 longitudinis
1228 1107 1393 1173 rotundum

305 1220 337 1273 et
352 1233 499 1295 grossum
517 1222 551 1275 ut
574 1211 667 1277 hasta
681 1214 818 1294 lauceae3
842 1224 875 1277 et
898 1213 1030 1277 habebis
1045 1213 1193 1277 ascellam
1217 1213 1310 1275 latam
1324 1211 1395 1274 lon·

306 1313 448 1399 gitudine
475 1312 576 1399 pedis,
592 1324 625 1377 et
650 1315 775 1379 duabus
804 1316 886 1379 ulnis
910 1316 1041 1400 longam
1065 1324 1097 1378 et
1119 1313 1212 1377 valde
1234 1312 1394 1399 aequalem,

305 1436 510 1501 superquam
538 1417 680 1502 configes
695 1418 845 1503 praedicta
870 1418 933 1481 duo
950 1418 1047 1503 ligna,
1063 1418 1108 1481 ita
1131 1426 1167 1481 ut
1191 1438 1211 1480 a
1238 1438 1272 1479 se
1294 1414 1396 1500 spatio

305 1517 425 1579 dimidii
442 1516 530 1602 pedis
555 1518 714 1604 disjuncta
729 1520 850 1605 liguum
867 1529 976 1583 contra
992 1520 1112 1605 lignum
1135 1518 1294 1605 aequaliter
1308 1524 1395 1601 apte·

304 1632 363 1682 tur.
412 1617 539 1683 Deinde
555 1621 628 1684 tolle
645 1643 749 1685 ceram
766 1644 876 1707 puram
892 1644 988 1707 quam
1005 1621 1071 1707 igni
1085 1621 1263 1707 appositam
1278 1618 1396 1682 fortiter

305 1721 491 1800 macerabis,
507 1721 616 1807 sicque
631 1723 768 1787 calidam
784 1724 865 1788 inter
880 1724 944 1787 duo
961 1724 1049 1810 ligna
1063 1745 1156 1808 super
1170 1721 1316 1786 ascellam
1330 1718 1394 1782 col·

305 1822 433 1901 locabis,
446 1823 531 1908 prius
547 1845 631 1910 aqua
646 1825 810 1910 subposita
825 1847 865 1889 ne
880 1825 1070 1901 adhaereant,
1085 1834 1117 1887 et
1139 1823 1214 1888 illud
1231 1821 1394 1886 rotundum

305 1926 425 2009 lignum
454 1923 669 1989 madefactum
699 1928 840 2014 utrisque
870 1927 1016 1991 manibus
1042 1926 1162 1990 fortiter
1188 1923 1395 2011 superducens

305 2027 479 2091 secundum
490 2028 724 2113 spissitudinem
735 2031 892 2116 lignorum
903 2029 1093 2093 attenuabis.
1139 2028 1184 2091 Et
1199 2050 1269 2092 cum
1282 2027 1395 2090 multas

306 2142 412 2216 partes
441 2131 579 2217 aquales
602 2153 681 2196 ceras
712 2135 880 2218 paraveris,
904 2133 1019 2197 sedens
1042 2134 1136 2218 juxta
1160 2131 1267 2217 ignem
1294 2128 1393 2193 incide

305 2256 359 2297 aas
389 2234 599 2318 particulatim
630 2236 805 2298 secundum
836 2237 948 2321 spatia,
978 2256 1050 2321 quas
1080 2234 1113 2296 in
1135 2234 1245 2319 argilla
1274 2230 1394 2296 turibuli

304 2337 470 2415 incideras,
487 2346 518 2400 et
542 2336 709 2424 unicuique
734 2338 836 2423 spatio
852 2360 942 2402 suam
966 2337 1151 2424 particulam
1172 2336 1295 2400 modice
1317 2335 1393 2399 cale·

306 2440 422 2502 factam
438 2438 574 2524 aptabis,
589 2448 685 2525 atque
697 2461 768 2504 cum
786 2440 867 2504 ferro
879 2440 919 2504 ad
935 2440 997 2503 hoc
1013 2461 1094 2526 opus
1110 2447 1185 2523 apto
1201 2448 1233 2502 et
1247 2436 1393 2502 calefacto

306 2541 584 2606 circumsolidabis.
630 2541 776 2627 Cumque
792 2541 853 2606 hoc
869 2543 966 2607 modo
981 2552 1082 2607 totum
1104 2541 1250 2605 nucleum
1265 2538 1392 2604 exterius

307 2645 517 2729 cooperueris,
533 2644 641 2730 accipe
664 2645 779 2707 sermm
794 2654 889 2709 tenue
904 2667 944 2709 ex
966 2654 1099 2730 utraque
1113 2653 1203 2729 parte
1218 2652 1341 2706 acutum
1362 2640 1391 2701 in

308 2747 437 2809 modum
454 2748 580 2833 gracilis
596 2770 649 2811 sao
632 2748 730 2832 ittae,
746 2770 819 2811 cum
841 2747 973 2862 parvula
988 2747 1100 2824 cauda,
1116 2745 1221 2831 ligneo
1238 2742 1392 2808 manubrio

307 2848 450 2927 infixum,
477 2859 605 2913 etcum
631 2851 683 2916 illo
710 2850 858 2914 exomni
885 2860 975 2934 parte
1002 2847 1217 2927 circumcides,
1242 2857 1274 2911 et
1298 2847 1391 2909 buxeo

307 2950 393 3035 ligno
409 2951 521 3014 eodem
538 2953 634 3015 modo
649 2951 787 3016 formato
802 2952 957 3036 planabis,
973 2964 1005 3015 et
1020 2960 1055 3015 ut
1069 2952 1101 3013 iu
1116 2949 1219 3014 nullo¹
1244 2950 1315 3013 loco
1328 2965 1391 3010 cera

308 3053 437 3137 spissior
463 3053 529 3117 sive
555 3056 679 3117 tenuior
701 3056 742 3118 sit
767 3078 863 3141 quam
885 3055 918 3117 in
944 3054 1017 3133 alio,
1039 3052 1231 3140 procurabis.
1278 3046 1391 3114 Deinde
1491 3086 1495 3095 ·

309 3155 453 3238 pertrahe
476 3154 509 3218 in
534 3156 665 3241 singulis
692 3157 847 3222 frontibus
872 3158 1013 3243 singulos
1034 3177 1135 3232 arcus,
1157 3163 1189 3218 et
1211 3153 1244 3217 in
1269 3147 1392 3236 obliquis
1495 3172 1496 3205 ι

307 3256 478 3342 parietibus
502 3258 653 3337 similiter,
669 3271 702 3324 et
724 3262 783 3324 sub
798 3260 931 3346 singulis
952 3258 1087 3323 arcubus
1102 3278 1142 3321 ex
1167 3266 1300 3343 utraque
1314 3259 1391 3340 parte

308 3360 448 3447 singulas
464 3361 639 3441 valvas,1ta
649 3372 684 3425 ut
698 3384 895 3449 unaquaeque
907 3362 999 3426 valva
1014 3370 1158 3475 quartam
1175 3369 1298 3444 partem
1309 3350 1390 3443 spatii

308 3466 479 3543 contineat,
491 3474 523 3528 et
510 3466 605 3529 tduae
616 3477 720 3552 partes
735 3465 883 3528 inmedio
895 3472 1097 3543 remaneant3
1120 3463 1153 3525 in
1168 3453 1391 3547 quibusspatiis

307 3568 469 3652 pertrahes
484 3568 544 3631 sub
559 3589 750 3654 unoquoque
765 3589 840 3631 arcu
855 3566 1016 3653 singulas
1008 3566 1163 3651 rmagines
1178 3564 1391 3648 apostolorum,

307 3694 378 3757 quas
407 3673 538 3756 singulae
569 3680 696 3734 teneant
723 3670 864 3756 singulos
890 3669 1011 3748 breves,
1039 3667 1143 3754 effigie
1169 3688 1232 3752 qna
1259 3660 1390 3735 volueris,

308 3795 443 3858 quorum
458 3773 588 3837 nomina
604 3773 722 3836 scribes
736 3773 769 3835 in
785 3771 882 3834 limbo
898 3771 982 3835 circa
1003 3791 1104 3834 arcus.
1151 3767 1189 3831 In
1206 3768 1314 3854 spatiis
1328 3783 1391 3827 veru

308 3876 480 3959 triangulis,
495 3874 551 3959 qui
572 3884 724 3938 tectorum
743 3874 855 3960 pinnas
876 3873 1044 3951 sustinent,
1060 3872 1211 3936 formabis
1226 3863 1391 3933 similitudi·

307 4000 379 4040 nem
395 3975 534 4062 lapidum
545 3977 725 4055 duodecim,
736 3976 909 4062 disponens
921 3974 1088 4060 unicnique
1098 3972 1242 4058 apostolo
1255 3965 1390 4036 conveni·

307 4094 411 4147 entem
439 4080 586 4165 lapidem,
604 4079 776 4143 secundum
798 4076 1060 4163 significationem
1086 4074 1223 4139 nominis
1248 4075 1304 4151 sui,
1320 4089 1389 4157 quc

663 4291 669 4321 ¹
687 4295 703 4319 “
714 4291 774 4349 illo,''
787 4288 867 4339 citiore
879 4291 907 4337 in
919 4290 973 4338 MS.
987 4290 1083 4336 sistetur.
1135 4296 1143 4315 ·
