3018 5170
335 514 398 572 :320
688 526 875 569 ranorum
899 526 1002 571 arnan
1025 528 1077 570 111.
1490 568 1491 593 χ

1490 622 1491 659 i

333 682 366 742 in
382 688 436 743 tuo
449 680 489 742 sit
504 661 643 757 arbitrio,
655 687 759 743 utrum
773 701 829 743 eas
845 679 951 763 nigras
966 677 1100 742 volueris
1115 698 1183 740 esse
1198 698 1240 740 an
1251 678 1420 743 deauratas.
1490 722 1491 761 3

335 783 417 845 Cum
433 804 508 846 vero
524 783 642 846 lamina
661 782 828 868 diligenter
849 803 920 846 rasa
935 780 1039 861 fuerit,
1059 780 1165 843 statim
1186 779 1338 844 invitabis
1357 800 1421 843 eam
1490 830 1491 833 ,

334 908 406 948 curn
422 885 621 949 confectione
635 885 750 948 vinieei
765 884 880 970 lapidis
895 892 927 947 et
940 884 1014 946 vivo
1035 890 1176 967 argento,
1197 890 1230 945 et
1245 903 1319 945 mox
1334 881 1422 943 dean·

336 987 432 1064 rabis,
447 987 695 1074 deauratamque
705 1008 769 1050 non
781 985 964 1071 exstingues
975 988 1008 1049 in
1017 1006 1111 1071 aqua,
1121 985 1177 1048 sed
1189 1006 1247 1070 per
1261 1006 1295 1048 se
1304 983 1422 1068 refrige-

336 1091 465 1168 rabitur,
495 1090 657 1175 poliesque
681 1089 762 1152 sicut
786 1109 882 1173 supra
906 1087 1026 1152 dietum
1052 1095 1111 1166 est,
1138 1096 1170 1150 et
1194 1086 1310 1152 eodem
1335 1085 1423 1149 modo

336 1192 502 1255 colorabis.

622 1739 852 1837 CAPUT
912 1740 1145 1837 LXXII.

672 1978 718 2018 DE
741 1976 852 2019 OPERE
875 1976 1104 2020 INTERRASILL

424 2143 607 2207 TI'ENUA
630 2143 687 2205 tibi
714 2143 847 2206 laminas
872 2165 911 2207 ex
927 2144 1039 2208 eodem
1063 2166 1161 2229 cupro
1187 2143 1270 2207 sicut
1285 2142 1423 2228 superius,
1490 2136 1491 2221 i

446 2247 503 2310 sed
520 2245 661 2331 spissius,
683 2266 762 2332 quas
779 2254 950 2330 pertractas
971 2268 1171 2333 quocumque
1191 2268 1287 2332 opere
1303 2243 1423 2310 volueris

340 2350 450 2429 fodies,
474 2358 508 2412 ut
528 2347 695 2433 supremus.
746 2346 872 2410 Deinde
893 2346 1013 2411 habeas
1036 2348 1134 2412 ferros
1157 2349 1290 2435 graciles
1315 2357 1346 2411 et
1367 2346 1424 2410 lati·
1490 2328 1491 2399 i

339 2440 421 2528 ores,
442 2448 617 2513 seeundum
632 2448 843 2536 quantitatem
858 2470 1052 2533 camporum,
1076 2449 1130 2535 qui
1145 2448 1255 2512 sintin
1270 2471 1338 2512 una
1351 2468 1423 2512 surn-
1490 2404 1491 2495 i

340 2553 449 2615 mitate
464 2561 574 2615 tenues
589 2561 621 2614 et
636 2552 730 2630 acuti,
754 2550 788 2613 in
803 2552 903 2615 altera
917 2550 1033 2631 obtusi,
1052 2550 1106 2637 qui
1117 2558 1270 2616 vocantur
1284 2548 1421 2620 mizil¹5

339 2674 523 2739 ponensque
538 2653 688 2717 laminam
705 2675 799 2740 super
814 2653 972 2733 incudem,
984 2675 1114 2738 campos
1125 2647 1237 2717 omnes
1252 2649 1436 2737 perforabis.
1490 2670 1491 2737 ᾗ

339 2777 411 2818 curn
442 2754 630 2840 supradictis
665 2754 754 2818 ferris
791 2757 967 2840 percutiens
997 2778 1071 2821 cum
1105 2755 1230 2819 malleo.
1291 2754 1424 2838 Cumque
1490 2798 1491 2831 ,

339 2879 450 2921 ornnes
472 2859 576 2944 campi
591 2858 645 2921 tali
667 2857 764 2922 modo
786 2858 902 2922 fuerint
923 2856 1083 2943 perforati,
1106 2878 1178 2920 eum
1194 2856 1276 2919 limis
1300 2852 1424 2942 parvulis
1490 2836 1491 2909 i

338 2960 478 3045 aequabis
501 2983 556 3025 eos
578 2983 634 3045 per
656 2961 763 3025 omnia
780 2961 937 3049 usquead
958 2968 1087 3024 tractos
1136 2958 1211 3033 Quo
1231 2958 1317 3022 facto
1338 2957 1423 3021 deau-

340 3059 434 3136 rabis,
450 3068 482 3123 et
496 3061 596 3146 polies
610 3061 773 3142 laminam,
788 3070 824 3125 ut
838 3083 942 3147 supra,

383 3159 508 3223 Eodem
523 3160 619 3224 modo
635 3162 715 3224 fiunt
730 3162 857 3241 tabulae‚
871 3172 903 3226 et
917 3162 1043 3226 laminae
1057 3168 1216 3247 argenteae
1231 3182 1324 3245 super
1339 3159 1423 3222 libras

339 3285 412 3326 cum
428 3262 628 3349 imaginibm,
652 3263 783 3328 floribus
803 3274 898 3351 atque
919 3264 1059 3328 bestiolis
1074 3272 1107 3326 et
1121 3263 1243 3341 avibus,
1266 3261 1423 3348 exquibus

341 3388 414 3451 pars
439 3366 619 3447 deauratur,
634 3365 780 3430 videlieet
804 3388 929 3431 coronae
953 3366 1128 3452 imaginum
1153 3374 1187 3428 et
1211 3365 1315 3451 capilli
1340 3371 1423 3448 atque

340 3469 526 3533 vestimenta
540 3490 595 3555 per
609 3470 690 3548 loca,
712 3477 745 3531 et
759 3490 832 3553 pars
855 3476 996 3532 remanet
1017 3476 1178 3555 argentea.
1224 3466 1320 3531 Fiunt
1338 3465 1423 3528 etiam

339 3580 371 3633 et
392 3571 518 3634 laminae
539 3593 662 3657 eupreae
684 3578 716 3632 et
739 3569 911 3651 fodiuntur,
925 3579 958 3635 et
979 3570 1184 3655 denigrantur
1204 3590 1241 3632 ae
1264 3568 1422 3638 raduntun

339 3671 453 3735 deinde
468 3675 501 3735 in
516 3675 632 3757 patella
652 3671 821 3759 liquefacto
836 3681 951 3759 stagno
972 3672 1150 3750 mittuntur,
1173 3679 1209 3735 ut
1227 3691 1341 3734 rasuroe
1354 3666 1424 3729 albe

339 3772 428 3851 fiant,
444 3774 535 3858 quasi
550 3774 762 3859 deargentatae
778 3774 850 3837 sint.
879 3774 931 3838 Ex
946 3775 995 3837 his
1011 3774 1148 3859 ligantur
1163 3772 1317 3838 cathedrae
1332 3769 1423 3854 pictaer

339 3881 371 3934 et
384 3873 505 3951 sedilia,
520 3883 615 3960 atque
630 3875 703 3938 lecti
711 3900 723 3956 ᾗ
745 3884 897 3939 ornantur
911 3876 1005 3939 etiam
1021 3877 1091 3939 libri
1107 3895 1288 3962 pauperum.

649 4025 655 4053 ¹
676 4026 753 4075 Codex
764 4027 900 4089 Oulplterb.
919 4028 935 4053 “
942 4026 1023 4075 meizel
1031 4027 1043 4047 ”
1061 4028 1134 4076 babet.
