3144 5184
696 558 884 599 't‘ttnot‘ttttlt
911 558 1011 600 Ltuun
1038 558 1059 598 l.

672 804 1073 900 CAPUTIIL

729 1027 774 1068 DE
798 1025 878 1069 Posc
902 1025 1022 1070 PRIMO.

401 1176 470 1238 tftt
492 1199 565 1237 vero
586 1178 795 1239 membrinam
817 1178 980 1240 miscueris
1001 1177 1074 1239 inde
1096 1176 1191 1240 facies
1206 1186 1238 1241 et
1253 1178 1339 1241 nuda
1353 1200 1429 1242 cor·

428 1302 504 1363 pora
529 1279 716 1362 impleveris,
741 1278 880 1341 admisce
905 1279 931 1339 ei
955 1277 1116 1364 prasinum
1143 1286 1175 1339 et
1200 1278 1343 1353 rubeum,
1367 1279 1426 1363 qui

326 1382 518 1446 comburitur
534 1403 572 1442 ex
589 1403 676 1463 ogra,
692 1390 724 1442 ct
745 1380 904 1442 modicum
925 1380 1074 1457 cenobrii,
1090 1388 1122 1441 et
1142 1381 1263 1442 confice
1279 1402 1367 1464 posc,
1383 1402 1426 1441 ex

326 1508 389 1569 quo
411 1483 591 1565 designabis
613 1482 777 1566 supercilia
797 1491 829 1544 et
848 1482 968 1558 oculos
989 1503 1090 1559 nares,
1107 1491 1140 1543 et
1160 1504 1207 1560 OS,
1224 1492 1376 1560 mentum,
1393 1494 1429 1543 et

327 1587 461 1647 fossulas
486 1587 567 1646 circa
592 1607 694 1661 nares,
710 1594 742 1645 ct
765 1594 918 1667 tempora,
937 1606 1030 1667 rugas
1052 1582 1085 1644 in
1108 1582 1210 1645 fronte
1230 1593 1263 1646 et
1281 1585 1375 1660 collO,
1393 1595 1428 1647 et

327 1687 551 1749 rotunditatem
576 1685 675 1763 faciei,
693 1684 807 1746 barbas
825 1686 978 1769 juvenum
999 1693 1031 1746 ct
1051 1683 1198 1746 articulos
1219 1706 1369 1748 manuum
1393 1696 1426 1748 et

328 1789 453 1871 pedum,
465 1798 497 1850 et
512 1788 619 1851 omnia
635 1787 788 1863 membra,
800 1808 871 1870 quae
883 1786 1119 1870 distinguuntur
1133 1786 1166 1847 in
1181 1786 1268 1850 nudo
1279 1809 1425 1872 corpore.

616 1995 1125 2004 --—--...--———-—-——--

688 2129 1062 2226 utputtv.

726 2353 770 2394 DE
796 2352 880 2395 nost
904 2351 1024 2393 Parme.

416 2504 566 2568 ElNDE
582 2505 680 2567 misce
692 2526 764 2567 cum
777 2502 911 2587 simplici
926 2502 1100 2565 membrina
1111 2502 1270 2566 modicum
1283 2506 1425 2569 cenobrii

430 2618 461 2667 et
477 2626 587 2689 parum
600 2604 697 2681 minii,
710 2616 743 2667 et
753 2606 875 2668 confice
886 2605 1035 2682 colorem,
1047 2605 1100 2690 qui
1116 2604 1228 2668 dicitur
1243 2627 1327 2685 rosa,
1338 2608 1425 2673 unde

326 2706 501 2771 rubricabis
519 2705 678 2767 maxillam
696 2715 922 2792 utrumquem
942 2714 975 2768 et
995 2717 1135 2768 mentum
1152 2707 1290 2787 inferius,
1306 2712 1425 2773 collum

327 2820 359 2871 et
384 2830 479 2893 mgas
505 2806 616 2868 frontis
643 2806 777 2884 modice,
802 2808 902 2891 ipsam
931 2808 1065 2870 frontem
1092 2830 1186 2891 super
1211 2819 1357 2893 tempora
1382 2834 1424 2874 ex

327 2918 459 2994 utraque
475 2919 573 2994 parte,
589 2930 702 2971 nasum
723 2908 755 2971 in
775 2909 972 2993 longitudine
987 2916 1019 2970 et
1034 2930 1218 2993 supernates
1232 2932 1273 2974 cx
1288 2923 1426 2999 utraque

328 3022 424 3097 parte,
439 3012 586 3076 articulos
596 3021 633 3086 ¹et
647 3021 760 3074 caetera
776 3010 919 3072 membra
932 3009 966 3071 iu
981 3008 1067 3071 nudo
1081 3029 1221 3094 corpore.

700 3355 937 3451 CAPUT
990 3355 1044 3449 l

704 3578 750 3620 DE
773 3576 907 3619 LUMINA
930 3576 1050 3621 Pntutn.

405 3732 486 3797 Ost
507 3732 574 3794 liaec
596 3728 692 3791 misce
711 3750 784 3791 cum
803 3726 936 3812 simplici
955 3728 1130 3791 membrina
1148 3710 1293 3793 ceresam
1306 3731 1425 3811 tritam,

418 3845 451 3897 et
466 3853 621 3915 compone
637 3830 785 3907 colorem,
797 3828 850 3916 qui
863 3829 977 3893 dicitur
992 3830 1120 3905 lumina,
1132 3830 1216 3892 unde
1232 3830 1425 3895 illuminabis

326 3936 501 4021 supercilia,
516 3954 629 3996 nasum
650 3933 681 3994 in
703 3932 899 4017 longitudine
920 3940 953 3995 et
967 3953 1059 4016 super
1074 3931 1229 3995 foramina
1243 3934 1367 3996 natium
1383 3957 1424 3998 ex

325 4048 460 4122 utraque
475 4045 573 4122 parte,
586 4033 716 4097 subtiles
728 4041 847 4097 tractus
859 4033 943 4096 circa
958 4034 1067 4095 oculos
1083 4041 1115 4096 et
1127 4042 1271 4119 tempora
1282 4036 1424 4115 inferius,

325 4152 358 4205 et
372 4148 513 4202 mentum
529 4134 682 4220 superius,
694 4135 788 4219 juxta
807 4155 899 4197 nares
918 4142 950 4197 et
967 4154 1004 4195 os
1019 4154 1059 4196 ex
1074 4143 1207 4220 utraque
1223 4145 1322 4221 parte,
1337 4137 1425 4201 fron·

324 4255 388 4308 tem
408 4240 560 4325 superius,
576 4239 658 4301 iuter
678 4259 774 4323 rugas
793 4237 905 4301 frontis
926 4236 1058 4315 modice,
1074 4247 1107 4301 et
1121 4239 1237 4302 collum
1256 4239 1289 4301 iu
1307 4240 1425 4322 medio,

323 4357 356 4411 et
379 4345 462 4409 circa
485 4364 588 4421 aures,
613 4362 650 4403 ac
675 4340 822 4404 articulos
849 4358 1001 4400 manuum
1028 4347 1060 4401 et
1086 4339 1204 4425 pedum
1228 4340 1367 4403 exterius
1391 4352 1426 4405 et

324 4472 450 4513 omnem
463 4445 685 4510 rotunditatem
697 4463 858 4519 manuum,
870 4440 989 4525 pedum
1001 4450 1034 4504 et
1047 4440 1247 4505 brachiorum
1259 4442 1292 4505 in
1303 4445 1422 4508 medio.
