3090 5174
332 514 396 573 378
688 531 879 575 rusornrnr
903 530 1006 575 urnac
1030 532 1081 575 111.

332 682 426 743 terius
443 682 472 744 in
490 682 697 767 longitudine,
714 692 745 745 et
768 705 889 745 rursum
905 683 1071 767 dupliciter
1085 683 1117 746 in
1133 683 1306 747 latitudine.
1351 683 1426 757 Quo

333 786 426 859 facto,
452 808 522 847 cunr
547 785 677 870 parvulo
700 786 818 871 forcipe
841 784 918 849 frica
938 787 1109 871 particulas
1131 786 1253 871 argenti
1276 787 1356 850 sicut
1372 808 1427 848 ro·

333 888 423 948 lucris
450 899 482 949 et
506 911 692 972 superpone,
723 898 818 973 atque
848 910 920 951 cum
951 888 1063 951 eodem
1094 889 1212 973 forcipe
1238 889 1316 952 frica
1342 911 1428 951 snm·

333 992 457 1051 niitntcs
482 991 603 1073 argenti
634 1001 668 1052 nt
699 990 880 1054 adhereant.
931 991 1077 1077 Cumque
1106 1001 1207 1054 totum
1238 991 1427 1076 operareris,

332 1095 434 1155 denuo
466 1117 547 1177 pone
574 1116 667 1177 super
694 1115 812 1178 prunas
842 1094 988 1157 ardentes
1017 1094 1120 1157 donec
1151 1115 1274 1156 mrsum
1300 1093 1426 1177 nigrum

332 1197 397 1273 fiat,
420 1208 514 1280 atque
537 1197 662 1259 elevans
685 1197 814 1280 forcipe,
838 1220 910 1259 cum
933 1195 1030 1281 longo
1053 1198 1136 1260 ferro
1157 1217 1197 1260 ex
1219 1194 1320 1258 calibe
1335 1194 1427 1259 valde

331 1298 444 1382 mquoli
471 1308 502 1360 et
527 1299 693 1362 manubrio
719 1299 819 1362 infixo
840 1300 1008 1385 diligenter
1030 1299 1140 1384 police,
1162 1298 1428 1383 suppositumque

331 1400 449 1484 prunis,
466 1401 576 1461 iterum
600 1401 759 1465 calefaties
781 1423 967 1487 mrsumque
989 1423 1060 1465 cum
1077 1401 1190 1464 eodem
1209 1401 1290 1464 ferro
1307 1399 1428 1463 fortiter

331 1502 439 1587 polies.
485 1504 582 1576 Quod
601 1504 625 1566 si
644 1506 778 1567 volueris
799 1505 874 1568 illud
896 1526 951 1590 per
973 1513 1078 1589 partes
1100 1513 1157 1566 aut
1178 1525 1217 1566 ex
1240 1512 1307 1567 toto
1329 1504 1426 1567 deau-

332 1628 410 1683 rare,
427 1606 457 1667 in
474 1616 528 1667 tna
544 1607 583 1669 sit
607 1618 771 1691 potestate.
819 1608 891 1671 Hoc
914 1607 1011 1672 modo
1034 1607 1133 1670 fraena
1147 1616 1179 1670 et
1193 1616 1298 1670 cetera
1313 1607 1426 1669 iustru-

331 1719 440 1771 menta
455 1710 611 1795 equestria
623 1711 671 1772 vel
688 1710 901 1796 quodcunque
917 1712 950 1773 in
965 1711 1047 1774 ferro
1063 1710 1197 1773 volueris
1212 1709 1317 1773 incide
1332 1710 1426 1773 modo

331 1835 394 1898 quo
411 1812 561 1896 superius,
585 1811 640 1874 sed
660 1811 856 1896 profundius,
873 1812 1053 1898 habeasque
1074 1813 1129 1876 fila
1150 1834 1190 1876 ex
1205 1821 1340 1898 argento
1356 1812 1427 1875 sub-

330 1915 473 1977 tilissima
489 1925 585 1999 atque
605 1936 644 1977 ex
668 1935 755 1992 auro,
771 1915 915 1978 formaris
934 1915 990 1978 tibi
1005 1915 1078 1979 inde
1094 1915 1295 1979 brevissimos
1311 1914 1426 1978 floscu-

331 2018 378 2079 los
395 2027 426 2079 et
440 2017 584 2095 circuloS,
604 2016 669 2080 sive
691 2017 777 2081 aliud
800 2017 1011 2104 quodcunque
1033 2017 1168 2097 libuerit,
1184 2026 1303 2081 etcum
1320 2016 1426 2104 gracili

331 2122 449 2206 forcipe
472 2142 566 2206 super
581 2120 697 2185 sermm
720 2122 854 2207 qualiter
869 2122 1004 2185 volueris
1024 2142 1118 2207 pone,
1141 2129 1236 2207 atque
1251 2142 1328 2184 cum
1344 2119 1425 2185 brevi

331 2226 444 2288 malleo
460 2224 570 2288 leniter
590 2233 718 2309 percute
740 2235 774 2287 ut
793 2223 970 2303 adhaereat;
994 2225 1097 2309 sitque
1116 2244 1239 2309 semper
1253 2245 1340 2287 unus
1356 2224 1426 2288 fios-

331 2328 420 2390 culus
444 2348 556 2390 aureus
580 2328 658 2390 alter
681 2336 857 2413 argenteus.
904 2325 1041 2412 Impleto
1063 2335 1169 2390 autem
1191 2326 1297 2390 taliter
1319 2325 1425 2411 spacio

331 2431 402 2494 ferri
424 2429 532 2509 totius,
555 2452 638 2515 pone
660 2453 753 2516 super
778 2451 894 2516 prunas
916 2432 1019 2495 donec
1044 2429 1211 2515 nigrescat,
1235 2439 1334 2515 atque
1357 2450 1423 2493 cum

332 2533 479 2597 mediocri
502 2533 617 2597 malleo
640 2542 769 2619 percute
790 2523 968 2620 diligenter,
992 2532 1095 2597 donec
1115 2532 1297 2618 ubicunque
1311 2532 1424 2595 ferrum

331 2644 461 2720 apparet
475 2635 619 2697 incisurae
634 2635 694 2697 illae
715 2634 853 2720 aequales
874 2634 964 2711 fiant,
985 2642 1017 2696 et
1038 2633 1082 2696 sic
1098 2653 1178 2718 opus
1192 2631 1269 2694 illud
1285 2631 1426 2695 videatur

331 2737 419 2824 quasi
443 2738 593 2823 nigellum
616 2737 665 2801 sit.
711 2735 834 2801 sivero
857 2735 889 2798 in
911 2735 1043 2799 cultellis
1064 2735 1175 2798 sivein
1191 2734 1259 2798 aliis
1274 2734 1366 2798 ferris
1379 2733 1424 2797 lit-

331 2850 413 2903 teras
437 2840 555 2904 habere
575 2839 721 2918 volueris,
744 2860 816 2903 cum
840 2838 973 2901 fossorio
995 2838 1077 2901 ferro
1102 2837 1175 2902 fode
1197 2859 1251 2902 eas
1274 2837 1422 2924 inprimis,

331 2944 444 3007 deinde
468 2943 553 3007 facto
576 2942 631 3005 filo
650 2951 801 3028 argenteo
817 2962 939 3027 grosso,
962 2940 1064 3004 forma
1082 2962 1155 3004 cum
1177 2939 1288 3025 gracili
1310 2941 1423 3026 forcipe

330 3046 457 3124 litteras,
485 3053 517 3107 et
541 3045 657 3129 inpone
683 3066 738 3109 eas
765 3043 895 3108 fossuris
921 3043 992 3123 illis,
1018 3043 1259 3130 percutiensque
1285 3043 1423 3130 superius

331 3168 402 3210 cum
418 3146 532 3209 malleo
547 3146 642 3231 imple
660 3168 724 3210 eas.
771 3146 844 3212 Hoc
860 3147 956 3210 modo
971 3146 1067 3210 etiam
1082 3145 1231 3210 flosculos
1246 3154 1278 3210 et
1293 3146 1422 3211 circulos

331 3250 433 3313 facere
448 3254 539 3333 potes
553 3247 587 3310 in
603 3248 695 3329 ferro,
712 3258 744 3312 et
764 3270 837 3313 cum
855 3248 917 3313 tilis
932 3269 971 3312 ex
986 3270 1086 3335 cupro
1100 3257 1133 3312 et
1147 3248 1306 3312 auricalco
1320 3248 1420 3335 imple.

331 3350 364 3415 si
387 3351 463 3438 quid
484 3373 559 3415 vero
580 3350 675 3437 hujus
698 3352 802 3437 operis
817 3358 973 3415 vetustate
995 3373 1051 3415 eeu
1073 3351 1268 3437 negligentia
1291 3352 1421 3416 fractum

330 3456 434 3535 fuerit,
457 3454 484 3519 ci
510 3462 676 3541 argeutum
700 3454 787 3540 quod
812 3462 860 3517 est
881 3453 1017 3519 volueris
1041 3452 1212 3541 acquirere,
1236 3454 1328 3519 mitte
1352 3451 1420 3517 illud

330 3559 362 3621 in
384 3559 491 3644 ignem
513 3558 616 3621 donec
639 3556 783 3636 candeat,
805 3564 980 3644 tenensque
997 3555 1124 3621 sinistra
1146 3577 1243 3620 manu
1266 3578 1340 3620 cum
1363 3556 1420 3620 for·
1515 3636 1516 3649 χ

329 3661 410 3746 cipe,
432 3660 564 3725 dextera
586 3661 718 3744 longum
742 3658 909 3744 plumbum
933 3660 1010 3724 frica
1036 3661 1258 3746 superomnia
1280 3662 1352 3725 loca
1373 3656 1418 3722 ubi

329 3771 495 3846 argentum
513 3771 654 3848 apparet,
670 3768 702 3825 et
712 3783 789 3826 mox
802 3760 994 3847 liquescente
1006 3763 1135 3849 plumbo
1150 3764 1257 3849 ipsum
1272 3760 1417 3849 liquescit

329 3863 404 3927 etei
421 3863 662 3943 commiscetur,
685 3862 793 3949 sicque
813 3864 979 3949 plumbum
999 3864 1193 3929 comburitur
1212 3873 1245 3929 et
1259 3872 1417 3951 argentum

329 3964 510 4053 acquiritur.
1256 3998 1259 4005 ,
