3096 5168
271 556 328 617 134
611 574 802 618 rnnorrrrnr
827 574 932 617 urana
956 575 992 618 11.

265 727 388 810 aliaque
414 725 546 804 minuta,
562 749 633 812 qnae
657 726 823 803 voluerint,
839 748 933 811 opere
957 727 1043 789 vario
1066 727 1148 789 inter
1162 726 1307 803 circulos
1331 736 1364 790 et

264 828 395 890 limbum
423 829 506 891 circa
531 849 638 906 oram;
663 838 695 891 et
712 828 773 891 hoc
796 829 993 892 mediocriter
1017 829 1166 915 spissum,
1189 836 1364 915 coquentes

264 931 295 993 in
312 930 403 993 furno
419 930 529 995 ordine
551 954 616 1016 quo
631 929 770 1015 supra*
783 930 919 994 Faciunt
945 953 1072 1017 quoque
1095 930 1219 1017 cyphos
1234 952 1274 994 ex
1290 952 1364 1014 pnr-

263 1055 342 1116 pura
358 1033 423 1095 sive
447 1032 507 1095 levi
523 1033 660 1118 saphiro,
676 1044 708 1096 et
723 1034 823 1115 fialas,
830 1032 1029 1097 mediocriter
1051 1041 1182 1096 extento
1197 1033 1281 1098 collo
1304 1032 1364 1096 cir·

264 1136 449 1198 cumdantes
474 1136 534 1198 filis
559 1157 598 1198 ex
622 1136 696 1199 albo
711 1136 793 1198 vitro
819 1135 921 1215 factis,
942 1157 981 1198 ex
1008 1136 1122 1199 eodem
1146 1156 1241 1198 ansas
1260 1135 1364 1219 impe

264 1247 384 1300 nentes.
432 1237 483 1299 Ex
509 1238 578 1302 aliis
602 1238 697 1301 etiarn
723 1238 881 1303 coloribus
905 1239 1028 1302 variant
1041 1238 1165 1301 diversa
1186 1258 1284 1322 opera
1305 1257 1364 1300 sua

266 1361 322 1423 pm
337 1341 428 1403 libitu
443 1363 511 1404 suo.

596 1878 836 1976 CAPUT
898 1880 1006 1975 XV

348 2120 394 2161 DE
418 2119 521 2163 VlTRO
545 2120 675 2179 GRAECO,
699 2121 795 2171 QUOD
819 2121 978 2163 MUSIVUM
1002 2121 1087 2164 OPUS
1113 2119 1281 2164 DECORAT.

269 2284 514 2434 VITREAS
529 2287 624 2351 etiam
641 2288 766 2352 tabulas
782 2287 903 2351 faciunt
923 2309 1017 2373 opere
1033 2286 1218 2351 fenestrario
1234 2309 1276 2349 ex
1291 2286 1366 2349 albo
1425 2332 1444 2359 ,

349 2390 428 2453 vitro
444 2390 558 2468 lucide,
575 2389 692 2475 spissas
713 2389 754 2453 ad
777 2411 958 2454 mensuram
975 2389 1067 2453 unius
1089 2388 1190 2475 digiti,
1205 2387 1365 2452 findentes

266 2513 320 2556 eas
328 2491 432 2555 calido
444 2491 527 2557 ferro
541 2515 595 2578 per
606 2493 743 2580 quadras
755 2492 925 2579 particulas
934 2492 1082 2572 minutae,
1090 2501 1121 2555 et
1132 2490 1368 2575 conperientes

266 2615 320 2657 eas
335 2593 367 2655 in
383 2615 448 2658 uno
465 2594 639 2659 latereauri
654 2597 771 2682 petula,
784 2595 991 2681 superlininnt
1005 2594 1120 2657 vitrum
1135 2591 1368 2657 lucidissimum

265 2695 371 2758 tritum
397 2704 559 2782 utsupra.
605 2697 798 2783 Hujusmodi
823 2698 937 2762 vitrum
960 2697 1179 2782 interpositum
1205 2694 1369 2758 musivum

267 2819 347 2883 opus
363 2797 493 2861 omnino
509 2798 648 2863 decorat.

599 3331 839 3427 CAPUT
898 3331 1039 3426 XVL

330 3575 376 3616 DE
399 3572 494 3616 VASIS
517 3569 707 3615 rrc'rlnmus
731 3568 877 3614 mvzrtso
901 3570 1033 3615 GOLORE
1054 3571 1150 3614 VITRI
1175 3571 1292 3615 meurs.

327 3737 559 3802 CUTELLAS
582 3761 708 3825 quoque
730 3738 842 3802 fictiles
862 3746 895 3802 et
917 3739 1077 3803 naviculas
1093 3738 1223 3818 faciunt,
1237 3738 1370 3825 aliaque

342 3862 418 3904 vasa
433 3840 550 3919 fictilia,
567 3842 732 3929 pingentes
755 3863 794 3905 ea
807 3840 869 3905 hoc
884 3840 990 3905 modo.
1036 3840 1205 3926 Accipiunt
1219 3843 1369 3907 onmium

266 3963 384 4028 genera
398 3942 550 4021 colomm,
562 3952 699 4008 terentes
711 3966 749 4009 ea
758 3943 939 4030 singillatim
952 3967 1024 4008 cnm
1035 3966 1129 4031 aqua,
1145 3954 1177 4009 et
1191 3945 1233 4007 ad
1248 3967 1370 4012 unum-

266 4065 425 4131 quemque
451 4044 589 4109 colorem
614 4045 782 4111 miscentes
807 4047 950 4132 ejusdem
978 4047 1091 4112 coloris
1106 4046 1221 4111 vitrum
1248 4068 1305 4131 per
1328 4070 1369 4112 se

266 4145 476 4211 minutissime
492 4147 601 4211 tritum
617 4169 690 4212 cnm
705 4170 799 4235 aqua,
814 4150 958 4236 quintam
981 4157 1113 4235 partem,
1129 4148 1203 4212 inde
1225 4148 1369 4235 pingunt

267 4250 400 4316 circulos
427 4251 492 4315 sive
518 4273 611 4316 arcus
638 4253 686 4315 vel
709 4253 958 4340 quadrangulos,
974 4262 1006 4317 et
1028 4252 1059 4315 in
1082 4252 1127 4315 eis
1150 4252 1276 4331 bestias,
1307 4264 1370 4316 aut

266 4376 350 4432 aves,
366 4352 432 4417 sive
453 4353 529 4417 solia
552 4355 600 4417 vel
622 4353 705 4417 aliud
729 4355 952 4442 quodcumque
976 4354 1137 4419 voluerint.
1185 4352 1368 4440 Postquam

266 4480 340 4522 vero
352 4457 421 4545 ipsa
437 4479 513 4520 vasa
528 4457 582 4520 tali
599 4457 695 4520 modo
711 4457 837 4544 depicta
851 4457 976 4537 fuerint,
990 4457 1120 4521 mittunt
1135 4480 1173 4520 ea
1190 4457 1221 4520 in
1235 4457 1369 4522 furnum
