3144 5184
675 511 864 554 rumorum
890 510 993 554 LIBER
1017 511 1040 552 1.

666 735 1050 831 CAPUTIX.

667 956 711 998 DE
736 954 870 999 humma
893 954 1060 999 SECUNDA.

314 1107 322 1114 “
388 1108 415 1171 Τ
431 1110 457 1171 si
474 1107 568 1171 facies
584 1107 753 1170 tenebrosa
768 1106 860 1169 brerit
874 1116 910 1168 ut
924 1106 952 1168 ci
968 1127 1033 1168 non
1049 1104 1186 1168 sufficiat
1200 1125 1264 1167 una
1279 1104 1412 1181 lumina,

411 1210 492 1273 adde
507 1210 536 1273 ei
559 1209 692 1293 amplius
716 1207 757 1270 de
779 1208 852 1271 albo
867 1216 900 1270 el
914 1229 1008 1293 super
1024 1207 1158 1292 priorem
1174 1207 1264 1271 linies
1279 1206 1412 1271 subtiles

311 1321 430 1375 tractus
446 1334 500 1393 per
515 1310 631 1375 omnia.

360 1844 404 1886 DE
427 1840 581 1886 carmus
605 1840 804 1897 PUERORUM,
826 1839 1099 1884 ADOLESGENTUM
1124 1839 1166 1882 Er
1188 1839 1364 1883 Juvenum.

393 1992 474 2056 OST
504 1992 571 2054 hoec
597 1991 693 2054 misce
719 1990 880 2054 modicum
905 1992 1029 2077 nigmm
1055 2013 1128 2055 eum
1155 2011 1234 2075 ogra
1262 1999 1295 2053 et
1314 1990 1414 2074 imple

413 2095 544 2180 capillos
564 2115 743 2179 puerorum,
767 2102 798 2155 et
824 2093 967 2157 discerne
987 2116 1043 2157 eos
1066 2114 1137 2156 eum
1162 2091 1262 2176 nigro.
1318 2091 1414 2154 Adde

313 2197 449 2282 amplius
471 2195 551 2281 nigri
575 2217 648 2259 cum
677 2217 753 2281 ogra
781 2204 813 2257 et
836 2195 931 2280 imple
957 2196 1088 2280 capillos
1112 2194 1359 2272 adolescentum,
1381 2204 1415 2257 et

313 2300 455 2363 illumino
476 2321 548 2363 oum
565 2298 674 2382 prima.
729 2296 822 2359 Adde
837 2297 971 2381 amplius
987 2296 1091 2359 adhuc
1109 2295 1188 2382 nigri
1203 2304 1236 2359 et
1250 2296 1346 2381 imple
1357 2316 1414 2359 oa·

312 2403 403 2487 pillos
414 2404 580 2486 juvenum,
596 2409 629 2463 et
643 2399 785 2462 illumina
800 2420 872 2461 cum
889 2398 1038 2461 secundo.

674 2717 904 2815 CAPUT
960 2721 1051 2815 XL

613 2938 658 2981 DE
687 2938 812 2983 nsanls
834 2940 1117 2985 Anoassscssrr'rura.

318 3087 522 3240 MlSCE
552 3090 658 3174 prasin
681 3102 714 3155 et
739 3093 871 3155 mbeum
902 3101 935 3155 et
958 3091 984 3155 si
1007 3092 1055 3155 vis
1079 3114 1160 3155 rosae
1185 3091 1356 3169 modicum,
1383 3104 1419 3155 et

439 3191 534 3276 imple
549 3192 665 3256 barbas
681 3192 926 3257 adolescentum.
988 3192 1092 3257 Misce
1107 3215 1219 3278 ogram
1234 3201 1267 3257 et
1287 3193 1417 3278 nigrum

315 3304 347 3356 et
370 3294 513 3372 rubeum,
539 3302 570 3356 et
592 3293 687 3379 imple
711 3295 842 3379 capillos
865 3304 897 3359 et
919 3294 1059 3358 illumina
1084 3294 1161 3380 ogni
1183 3295 1309 3359 modico
1323 3294 1418 3379 nigro

316 3395 426 3475 mixti,
442 3406 527 3460 etex
543 3395 655 3459 eadem
672 3396 808 3459 mixture
824 3397 874 3460 fac
890 3396 997 3481 nigros
1011 3404 1131 3461 tractus
1147 3397 1179 3460 in
1194 3396 1303 3461 barba.

616 3610 648 3614 -u
656 3609 818 3615 ..-----
826 3608 892 3614 --.--
900 3606 1085 3615 -.—-..---—·-
1103 3606 1108 3611 .

655 3739 891 3836 CAPUT
947 3741 1074 3837 XIL

406 3957 452 3999 DE
469 3956 623 4002 carmus
645 3960 687 4004 ΕΤ
711 3960 827 4004 Banna
850 3960 1116 4007 Ducanrl'ronvu
1137 3962 1180 4005 ΕΤ
1203 3962 1329 4005 ΒΕΝΗΜ.

321 4106 523 4256 MISCE
538 4110 699 4174 modicum
715 4112 795 4196 nigri
818 4135 892 4176 cum
915 4135 1034 4191 ceroso,
1062 4122 1094 4177 et
1117 4114 1213 4198 imple
1238 4113 1367 4197 capillos
1383 4126 1419 4177 et

434 4207 549 4272 barbas
565 4212 806 4296 decrepitorum.
845 4214 937 4277 Adde
953 4214 1055 4278 eidem
1070 4215 1169 4277 colori
1185 4213 1320 4298 amplius
1335 4212 1420 4297 nigri

317 4320 348 4374 et
372 4309 532 4373 modicum
555 4312 653 4391 rubei,
674 4324 707 4376 et
723 4315 773 4378 fac
788 4315 860 4379 inde
877 4325 1004 4394 tractus,
1025 4326 1058 4378 et
1074 4313 1263 4378 illuminabis
1283 4312 1419 4396 simplici

318 4411 437 4478 cerasa.
483 4410 663 4478 Commisce
680 4437 802 4479 rursum
819 4438 935 4480 cerosae
951 4418 1085 4503 amplius
1101 4415 1192 4499 nigri,
1208 4425 1239 4479 et
1253 4414 1348 4498 imple
1363 4434 1420 4476 ca-
