3090 5174
340 507 404 569 398
685 533 878 579 rnaornrnr
903 537 1006 581 uranu
1031 540 1083 583 ιιι.

452 680 513 743 Per
527 691 652 753 terram.
668 693 761 771 atque
778 686 867 748 simul
879 687 973 771 jussit
989 712 1039 752 me
1054 712 1192 777 quarere
1209 700 1340 755 acetum.

450 784 479 845 U
483 785 544 847 tilis
558 807 609 848 ars
623 786 690 849 istis
706 788 798 850 rebus
813 789 1012 876 calidumque
1026 814 1178 855 cruorem.

450 884 500 947 Ex
518 887 614 970 ltyrco
629 888 759 974 ingenti,
775 913 870 976 quem
885 893 994 957 sollers
1009 904 1151 980 tempore
1168 916 1265 980 parvo

449 985 558 1052 Herba
572 1012 610 1052 ex
628 990 743 1055 hedera
759 994 830 1056 forti
846 995 920 1078 poni
935 1006 1018 1059 tecto
1033 997 1209 1082 religatum.

447 1088 608 1175 Sanguine
622 1115 695 1156 curn
710 1095 812 1159 calido
828 1106 901 1181 post
914 1096 982 1161 haec
997 1120 1119 1162 vermes
1134 1108 1167 1161 et
1181 1107 1308 1162 acetum

450 1192 567 1273 Infudi,
583 1215 620 1257 ac
636 1205 735 1259 totam
751 1198 857 1261 fialam
873 1199 956 1265 clare
971 1200 1160 1263 renitentem

449 1294 536 1358 Unxi
545 1321 554 1374 3
577 1319 641 1383 quo
657 1297 741 1362 facto
757 1300 907 1385 temptavi
923 1302 1064 1386 sculpere
1082 1302 1197 1365 vitrum

447 1396 530 1461 Cum
546 1400 624 1464 duro
640 1400 744 1486 lapide
759 1403 860 1488 piritis
875 1405 1002 1468 nomine
1017 1404 1115 1468 dicto.

654 1832 894 1927 CAPUT
955 1834 1161 1930 CHL'

675 2046 721 2087 DE
743 2045 892 2089 PICTURA
916 2046 960 2088 Ex
984 2047 1099 2090 VITRO.

449 2195 555 2344 EX
575 2195 654 2258 vitro
670 2195 695 2257 si
711 2194 782 2281 quis
796 2195 967 2281 depingere
982 2197 1109 2260 vascula
1124 2198 1246 2283 quaerit,

451 2338 457 2344 ·
569 2298 676 2383 Eligat
692 2299 759 2382 ipse
773 2298 853 2360 duas
868 2297 908 2360 dc
923 2299 992 2362 rufo
1009 2321 1165 2363 marmore
1181 2311 1296 2385 petras.

448 2400 534 2464 lnter
549 2423 628 2487 quas
643 2401 757 2463 vitrum
773 2422 939 2464 romanum
954 2411 1105 2481 conterat,
1121 2412 1240 2466 etcum

448 2502 493 2565 Ut
509 2504 609 2588 pulvis
625 2514 714 2566 terrae
730 2503 822 2566 luerit
837 2503 952 2587 pariter
969 2505 1151 2569 resolutum.

447 2604 518 2669 Hoc
534 2606 629 2671 faciat
645 2606 797 2692 liquidum
813 2606 897 2669 clara
913 2607 1104 2693 pinguedine
1119 2608 1259 2692 gummi;

447 2706 570 2792 Septies
587 2708 648 2771 hoc
664 2707 783 2773 scilicet
799 2730 883 2795 aqua
899 2708 997 2773 nitide
1012 2709 1105 2772 ablue
1120 2711 1214 2774 clara.
1236 2724 1241 2733 “

447 2810 528 2874 Post
543 2812 610 2875 haec
625 2810 778 2897 depingat
792 2811 925 2897 paginas
940 2832 1020 2897 quas
1035 2811 1127 2875 linxit
1141 2811 1273 2876 honesta

416 2902 420 2909 ¹
450 2914 598 2999 Figulus:
623 2915 684 2978 hoc
702 2913 787 2978 facto
803 2934 954 2976 succense
969 2912 1103 2997 inponat
1116 2914 1244 2977 easdem

450 3015 595 3094 Fornaci‚
610 3026 794 3102 caveatque,
810 3014 902 3078 simul
917 3037 981 3101 quo
997 3024 1078 3079 terra
1094 3016 1227 3101 probata

447 3115 515 3180 Has
531 3128 646 3196 teneat,
662 3121 725 3205 qud
742 3119 787 3182 sic
802 3118 929 3180 valeant
944 3117 1071 3181 obstare
1086 3118 1199 3182 calori:

448 3219 587 3306 illasque
603 3220 697 3283 faciat
711 3221 804 3306 plena
819 3221 933 3284 virtute
949 3219 1094 3284 nitentes.

639 3478 672 3485 -.-
681 3474 1128 3484 ...ι-Μ.-

671 3656 904 3756 CAPUT
965 3647 1147 3752 01u⁹

733 3864 778 3905 DE
801 3862 915 3904 vrnlnl
939 3860 1054 3903 VITRO.

418 4014 467 4078 Ul
484 4016 577 4080 vultis
593 4019 770 4103 preciosum
785 4018 899 4080 vitrum
915 4014 1029 4093 facere,
1042 4012 1170 4077 auribus
1185 4010 1334 4097 percipite
1346 4010 1433 4074 hanc·

438 4129 537 4183 artem
553 4141 649 4206 quam
672 4120 762 4182 vobis
781 4121 822 4183 de
847 4119 927 4180 vitro
950 4117 1085 4180 scribere
1100 4112 1216 4177 curavi.
1263 4111 1418 4176 Pulverem

333 4219 396 4284 arsi
416 4219 574 4305 sulphuris
590 4241 662 4283 cum
678 4219 776 4283 viride
792 4220 874 4283 vitro
889 4218 1047 4305 indagavi,
1071 4216 1249 4303 pariterque
1269 4217 1418 4301 pulverem

333 4323 394 4385 arsi
411 4323 499 4408 cupri
517 4323 611 4385 michi
627 4323 767 4409 quaesivi.
813 4321 938 4385 Deinde
954 4322 1067 4384 vitrum
1084 4320 1176 4383 valde
1195 4319 1315 4382 clarum
1335 4339 1417 4405 supra

464 4464 470 4493 ⁸
489 4468 504 4491 ‘⁴
514 4465 599 4513 Eraclii
608 4466 620 4485 '’
636 4467 743 4528 capitula
754 4473 791 4513 est.
1002 4463 1012 4491 ¹
1028 4467 1045 4493 ‘⁴
1054 4462 1158 4511 ΜΡ·
1174 4478 1227 4524 cap.
1239 4470 1277 4510 est.
