3018 5170
298 503 360 563 ‘254
650 523 840 565 rasorium
868 524 969 566 urana
995 525 1045 566 111.

298 694 420 735 rursum
436 673 588 758 aeqnabis,
605 674 713 760 sicque
737 675 856 737 tamdiu
868 676 976 747 ¹facies
993 677 1183 762 usquedum
1207 698 1319 740 aurum
1343 700 1400 764 per

296 775 402 836 omnia
418 776 587 838 adhaereat.
633 776 780 840 Secundi)
795 777 899 840 incide
914 799 1026 840 aurum
1039 787 1070 840 et
1085 800 1158 841 cum
1174 800 1274 864 cupro
1290 803 1399 866 super—

297 897 389 960 pone,
406 887 501 963 atque
517 901 589 941 cum
605 879 678 962 igne
693 892 726 943 et
740 880 816 942 setis
832 880 882 944 fac
898 879 1153 963 sicut-superins.
1197 880 1306 945 Tertio
1324 905 1400 947 vcro

295 978 435 1041 similiter
451 980 556 1044 facies.
602 983 749 1069 Cumque
774 983 866 1045 tertia
891 983 959 1046 vice
982 1004 1095 1045 aurum
1119 984 1251 1068 coeperit
1275 986 1399 1061 siccari,

296 1102 368 1142 cnm
393 1081 484 1144 siccis
500 1083 575 1146 setis
600 1083 738 1162 fricabis,
765 1085 867 1148 donec
892 1085 1024 1170 incipiat
1047 1085 1226 1170 pallescere.
1273 1086 1308 1149 Si
1324 1109 1399 1148 vero

298 1206 338 1245 cx
352 1185 545 1269 negligentia
556 1186 733 1271 contigerit,
743 1196 778 1249 ut
793 1187 899 1274 aliqua
910 1187 1034 1251 macula
1044 1198 1194 1271 appareat
1208 1187 1241 1248 in
1253 1198 1398 1273 argento,

296 1285 349 1347 ubi
364 1308 475 1349 aurum
492 1298 586 1351 tenue
602 1289 642 1351 sit
657 1300 689 1352 et
712 1290 906 1376 inaequaliter
918 1289 1069 1374 positum,
1085 1310 1157 1350 cum
1175 1310 1274 1374 cupro
1290 1312 1399 1374 super-

297 1410 390 1471 pone,
406 1399 525 1453 etcum
541 1390 633 1453 siccis
649 1392 724 1454 sctis
744 1414 846 1478 aequa,
862 1391 964 1454 donec
992 1414 1047 1476 per
1071 1388 1180 1453 omnia
1200 1390 1322 1476 aequale
1346 1392 1397 1452 sit.

297 1488 393 1562 Quod
423 1513 496 1554 cum
528 1492 653 1570 videriS,
684 1494 775 1557 mitte
803 1493 834 1556 in
865 1516 982 1581 aquam
1009 1502 1041 1557 et
1065 1492 1190 1553 mundis
1211 1492 1288 1554 setis
1315 1492 1398 1569 lara,

296 1612 481 1679 rursumque
517 1617 639 1679 ponens
670 1618 765 1681 super
794 1597 950 1660 carbones
980 1594 1101 1659 tamdiu
1132 1592 1264 1672 calefac,
1294 1594 1398 1657 donec

296 1694 427 1757 omnino
442 1718 588 1760 croceum
607 1698 672 1761 fiat.

565 2301 804 2399 CAPUT
863 2302 1115 2398 XXXIX.

613 2541 659 2583 DE
682 2538 859 2583 Pomanus.
881 2541 1077 2584 sanarunt.

371 2709 490 2773 OLLE
513 2711 566 2773 tila
592 2731 631 2773 ex
655 2708 814 2772 auricalco
840 2707 969 2793 gracilia
993 2706 1188 2793 complicans
1210 2728 1259 2787 ea,
1282 2708 1338 2787 its,
1359 2717 1396 2772 ut

393 2813 552 2897 plicaturae
575 2812 639 2874 sint
660 2811 701 2874 ad
725 2809 956 2895 longitudinem
978 2810 1090 2894 digiti;
1113 2819 1146 2873 et
1167 2830 1240 2873 curn
1255 2810 1395 2896 quadru-

296 2916 392 3000 plices
408 2915 535 2992 fuerint,
551 2915 666 3000 colliga
677 2936 733 2978 eos
743 2914 798 2977 filo
813 2913 907 2993 lineo,
922 2924 958 2976 nt
971 2914 1012 2977 sit
1027 2913 1118 2999 qnasi
1135 2934 1296 2999 unapars.
1342 2913 1394 2977 Ex

296 3018 344 3082 bis
360 3016 504 3102 partibus
520 3017 569 3079 lac
585 3028 721 3102 quatuor
741 3027 798 3080 aut
820 3019 970 3104 quinque,
986 3018 1034 3081 vel
1050 3038 1117 3096 sex,
1133 3017 1177 3080 ita
1192 3026 1228 3080 ut
1243 3038 1307 3080 una
1324 3038 1394 3100 pars

294 3120 412 3184 habeat
437 3128 499 3182 tres
526 3120 708 3203 plicaturas,
735 3120 798 3185 alia
821 3130 971 3207 quatuor,
997 3119 1089 3183 tertia
1113 3120 1264 3206 quinque,
1290 3128 1323 3183 et
1349 3119 1393 3182 sic

293 3221 496 3287 ascendendo
510 3243 612 3307 usque
634 3221 674 3284 ad
698 3232 782 3286 octo,
827 3222 954 3297 Quibus
969 3222 1117 3287 omnibus
1131 3220 1313 3307 singillatim
1329 3221 1393 3284 col·

293 3325 410 3413 ligatis,
425 3325 476 3389 fac
494 3323 656 3388 modicum
678 3324 822 3388 foramen
844 3324 877 3386 in
901 3324 999 3410 ligno,
1021 3323 1054 3387 in
1069 3322 1156 3410 quod
1173 3344 1273 3408 pones
1289 3345 1329 3387 ex
1345 3322 1392 3385 his

294 3428 456 3516 particulis
477 3449 585 3505 unam,
608 3435 641 3489 et
664 3425 794 3490 infunde
819 3426 997 3512 plumbum,
1024 3426 1068 3490 ita
1091 3435 1128 3490 ut
1148 3448 1221 3489 cnm
1243 3423 1391 3510 frigidum

258 3560 267 3573 ·
293 3532 387 3597 tirerit
401 3542 434 3596 et
448 3528 632 3609 extraxeris,
643 3528 827 3592 adhaereant
841 3529 901 3593 sibi
913 3529 990 3614 ipsae
1005 3528 1167 3614 plicatuma
1182 3525 1272 3614 quasi
1289 3528 1391 3612 plum-

293 3636 355 3699 beo
377 3635 463 3699 nodo
478 3634 595 3697 infixae.
641 3630 714 3695 Hoc
736 3631 834 3694 modo
857 3630 909 3695 fac
931 3631 1063 3716 singulis
1086 3629 1227 3716 partibus
1249 3629 1391 3715 singulos

293 3738 395 3800 nodos
418 3735 595 3821 plumbeoS,
618 3744 650 3798 et
671 3732 814 3797 incidens
836 3732 1008 3818 plicaturas
1031 3753 1143 3795 omnes
1159 3732 1229 3817 jam
1245 3731 1277 3793 in
1293 3731 1391 3794 altera

292 3848 392 3924 parte,
413 3838 490 3900 lima
511 3845 543 3899 et
566 3835 642 3899 rade
663 3835 862 3898 summitates
888 3857 1008 3914 aarum,
1032 3844 1069 3898 nt
1095 3833 1239 3896 rotundae
1262 3835 1342 3896 fiant
1360 3842 1390 3895 et

292 3941 429 4026 aequales
438 3964 447 4018 ;
471 3961 544 4002 cum
561 3938 676 4025 quibus
691 3937 781 4023 quasi
804 3936 989 4023 sculpendo,
1004 3935 1140 4021 polieris,
1155 3934 1255 4021 polies
1269 3935 1389 3998 auricu-
1502 4004 1503 4009 η

292 4044 341 4106 las
350 4043 520 4106 deauratas
533 4041 565 4103 in
575 4061 661 4126 aqua
669 4061 749 4125 pura
759 4049 792 4103 et
802 4061 877 4102 vase
887 4040 1016 4102 munda.
1062 4037 1153 4112 Quas
1169 4058 1242 4100 cum
1258 4035 1389 4101 extremi

292 4154 383 4231 parte
392 4143 566 4229 sculpendo
582 4142 718 4227 polieris,
733 4164 816 4227 pone
832 4164 926 4227 snper
940 4141 1095 4205 carbones
1110 4140 1213 4203 donec
1228 4140 1389 4203 calefacta

291 4249 324 4311 in
341 4248 460 4312 fulvum
475 4246 617 4311 colorem
639 4255 875 4323 convertantur,
898 4255 930 4308 et
944 4244 1079 4329 perdant
1093 4242 1281 4322 claritatem,
1296 4263 1387 4329 quam
