3018 5170
315 512 379 573 302
662 532 854 575 rusornrnr
880 532 984 577 arasa
1008 533 1060 576 rrr.

317 682 434 759 l'endat,
450 682 616 765 diligenter
642 683 780 747 infunde.
827 682 899 746 Hoc
926 684 1022 747 modo
1047 684 1155 747 formis
1179 684 1327 769 utrisque
1345 683 1420 746 fusis

315 785 383 847 sine
410 794 502 859 stare,
518 785 619 847 donec
647 784 832 848 infusorium
858 785 1001 871 superins
1024 786 1198 870 nigrescat3
1226 785 1350 849 deinde
1374 807 1419 848 re·

317 895 405 949 mota
430 895 511 949 terra
537 895 569 949 et
593 907 612 949 a
638 886 729 949 fossis
753 896 911 951 extractas
933 908 1049 973 repone
1073 888 1190 951 intuto
1214 887 1302 964 loco,
1319 887 1420 951 donec

315 987 445 1052 omnino
461 988 641 1072 frigescant,
654 1010 771 1051 carens
786 1010 985 1075 summopere
999 1012 1039 1054 ne
1051 991 1161 1054 calidis
1176 990 1293 1053 formis
1304 1009 1420 1075 aquam

316 1090 516 1175 superjacias,
531 1089 606 1176 quia
631 1090 792 1155 interiores
816 1092 929 1171 nuclei,
952 1093 979 1156 si
1005 1092 1170 1157 humorem
1194 1090 1419 1177 persenserint,

315 1192 422 1255 statim
444 1192 594 1256 inflantur
608 1202 640 1255 et
655 1213 749 1257 omne
773 1214 852 1278 opus
867 1193 1087 1279 disrumpetur.
1132 1193 1287 1280 Cumque
1310 1214 1368 1279 per
1387 1213 1420 1256 se

317 1296 506 1380 refrigeratis
530 1294 674 1380 argillam
700 1295 879 1374 removeris,
904 1295 1071 1381 diligenter
1096 1295 1320 1381 circumspice,
1342 1293 1420 1358 etsi

317 1398 394 1482 quid
416 1397 608 1482 negligentiis
623 1398 671 1460 vel
696 1418 772 1461 casu
787 1396 930 1476 defuerit,
945 1398 1051 1462 locum
1075 1398 1164 1461 illum
1184 1398 1420 1463 circumliman-

317 1500 394 1563 dum
410 1498 600 1575 attenuatis,
617 1509 648 1562 et
663 1499 809 1584 apposita
824 1520 908 1579 cera,
922 1521 982 1564 nec
996 1522 1061 1565 non
1076 1500 1190 1586 argilla
1210 1500 1337 1578 addita,
1352 1520 1421 1563 cum

317 1601 401 1666 sicca
431 1600 534 1678 fuerit,
565 1600 742 1680 calefacies,
773 1601 882 1687 sicque
911 1602 1129 1687 superfundes
1158 1602 1267 1666 donec
1295 1600 1363 1664 rivo
1389 1600 1420 1662 in

317 1713 439 1790 partem
460 1703 655 1782 decurrente,
678 1704 762 1790 quod
787 1704 990 1791 superfundis
1011 1704 1181 1769 adhaereat.
1227 1704 1330 1780 Quod
1348 1724 1415 1768 cum

318 1805 501 1893 respexeris,
515 1806 543 1870 si
565 1805 669 1869 minus
686 1806 812 1870 firmum
834 1806 936 1885 frrerit,
952 1829 1024 1871 cum
1050 1806 1275 1871 combustione
1290 1805 1416 1868 vinioeoe

317 1917 423 1992 petrae,
438 1917 470 1970 et
483 1907 630 1973 limatura
644 1930 684 1972 ex
707 1908 844 1972 mixtura
859 1909 981 1994 argenti
995 1917 1029 1972 et
1042 1909 1142 1994 cupri,
1157 1907 1240 1972 sicut
1256 1906 1415 1993 praescrip

317 2009 426 2088 simus,
442 2009 601 2074 solidabis.
649 2010 730 2076 Post
745 2010 814 2074 hoec
829 2010 960 2075 dirersis
976 2011 1060 2074 limis
1071 2010 1316 2097 quadrangulis,
1327 2009 1416 2071 trian-

317 2112 409 2197 gulis,
442 2121 537 2197 atque
572 2112 715 2176 rotundis
749 2134 882 2198 campos
912 2133 1022 2178 omnes
1059 2114 1162 2197 primo
1191 2109 1414 2177 translimabis.

320 2213 446 2277 Deinde
470 2213 559 2278 ferris
582 2214 724 2279 fossoriis
747 2215 857 2293 fodies,
879 2224 912 2279 et
933 2214 1059 2279 rasoriis
1081 2215 1191 2295 rades;
1215 2217 1259 2279 ad
1277 2215 1415 2279 ultimum
1498 2298 1499 2305 ἵ

317 2315 430 2380 sabulo
445 2338 518 2380 cum
533 2317 625 2402 lignis
647 2317 680 2380 in
696 2319 877 2382 summitate
900 2318 1024 2383 modice
1041 2318 1265 2405 conquassatis
1281 2316 1415 2401 undique
1498 2346 1499 2389 j

318 2429 489 2504 purgatum
505 2441 586 2505 opus
598 2420 777 2484 deaurabis.

635 2990 876 3087 CAPUT
935 2992 1113 3087 LXII.

745 3214 791 3256 aa
814 3194 988 3257 σιωπῶ.

423 3362 571 3429 TENAS
595 3363 736 3427 factums
758 3363 896 3448 primum
918 3361 1009 3426 trahe
1023 3362 1078 3426 fila
1093 3362 1221 3427 subtilia
1234 3364 1302 3428 sive
1316 3381 1410 3450 gross-

436 3469 503 3533 iora
527 3469 559 3532 in
583 3488 681 3553 cupro
704 3465 770 3529 sive
788 3472 931 3551 argento,
948 3475 980 3529 et
995 3464 1205 3529 circumflecte
1220 3487 1294 3529 cum
1309 3461 1409 3529 subula

320 3572 352 3634 in
368 3572 467 3637 tribus
490 3570 645 3648 amicalia,
668 3576 724 3631 aut
745 3577 891 3655 quatuor,
907 3566 956 3631 vel
978 3566 1130 3652 quinque,
1146 3566 1212 3630 sive
1227 3590 1295 3647 sex,
1310 3583 1408 3630 secun·
1496 3610 1497 3613 =

323 3673 400 3736 dum
411 3672 657 3761 grossitudinem
666 3691 764 3757 quam
778 3669 924 3748 volueris,
935 3668 976 3733 ad
987 3689 1166 3732 mensuram
1176 3669 1408 3755 uniuscujusque

321 3775 449 3839 turibuli
466 3774 596 3838 minoris
614 3773 681 3837 sive
696 3771 835 3858 majoris.
882 3770 925 3833 Et
946 3793 1019 3835 cum
1042 3792 1153 3835 omnes
1176 3780 1306 3836 catenas
1327 3766 1405 3833 unius

321 3874 447 3939 turibuli
478 3876 510 3937 in
539 3897 637 3939 unam
666 3882 787 3960 partem
817 3874 983 3959 plexueris,
1009 3875 1084 3939 tolle
1110 3874 1234 3960 lignum
1261 3884 1351 3939 tenue
1373 3885 1407 3930 ex

321 3998 437 4063 quercu
453 3975 519 4039 sive
535 3976 620 4061 faga,
635 3984 667 4040 et
682 3976 733 4040 fac
748 3976 781 4039 in
796 3998 835 4040 eo
850 3976 949 4039 multa
961 3975 1118 4040 foramina
1129 3998 1202 4040 cum
1213 3975 1321 4061 gracili
1335 3972 1405 4036 ferro

321 4078 458 4144 rotundo
478 4089 510 4142 et
532 4078 646 4158 calido,
663 4099 719 4163 per
736 4100 808 4164 quas
830 4077 987 4142 foramina
1008 4088 1156 4142 catenam
1171 4077 1246 4164 igne
1261 4082 1404 4142 recoctam

320 4193 353 4247 et
367 4181 584 4268 refrigeratam
606 4179 793 4244 transduces
814 4188 847 4244 et
863 4181 969 4244 denno
984 4201 1147 4265 recoques,
1163 4197 1345 4264 rursumque
1358 4188 1405 4258 per

322 4285 406 4349 aliud
423 4285 566 4348 foramen
581 4283 766 4347 transducas
778 4292 810 4346 et
825 4303 986 4368 recoques,
1001 4282 1110 4369 sicque
1122 4282 1230 4360 facies,
1247 4282 1344 4345 donec
1358 4292 1404 4359 per

321 4388 427 4453 omnia
443 4386 604 4474 aequaliter
620 4386 660 4450 sit
680 4406 824 4470 grossam
840 4394 872 4448 et
888 4384 1065 4449 rotundam.
1113 4384 1241 4449 Deinde
1255 4380 1352 4448 incide
1365 4377 1403 4459 ip

636 4557 642 4586 ¹
660 4553 743 4605 vitiose
755 4555 883 4605 “chatenir
891 4553 904 4573 '⁸
915 4556 943 4602 ia
954 4556 1010 4604 MS.
1021 4554 1116 4603 Harlei.
