3144 5184
696 510 880 553 uncorum
907 511 1009 554 mmm
1033 512 1054 554 l.

682 896 915 991 CAPUT
970 896 1074 992 XX

525 1128 570 1171 DE
594 1124 828 1169 nunnlonunls
851 1123 959 1169 osTns
983 1124 1024 1167 ΕΤ
1047 1123 1135 1166 ulmo
1159 1122 1240 1166 ΗΜ.

399 1280 412 1343 Ι
429 1290 535 1343 antem
551 1277 684 1341 volueris
700 1275 781 1339 ostia
803 1273 959 1338 rubricare
974 1274 1047 1338 tolle
1063 1274 1167 1336 oleum
1183 1272 1247 1351 lini,
1263 1271 1351 1357 quod
1368 1271 1430 1335 boc

419 1381 514 1446 modo
529 1399 711 1463 compones.
756 1375 875 1460 Accipe
891 1397 999 1438 semen
1024 1374 1089 1453 lini,
1104 1386 1137 1438 et
1158 1373 1285 1438 exsicca
1300 1374 1379 1437 illud
1395 1375 1428 1437 in

335 1484 494 1570 sartagine
506 1503 599 1567 super
609 1480 713 1565 ignem
724 1477 791 1541 sine
800 1499 893 1563 aqua.
941 1476 1066 1539 Deinde
1080 1475 1170 1540 mitte
1185 1476 1217 1539 in
1231 1476 1430 1555 mortarium,

336 1601 368 1655 et
389 1586 548 1653 contunde
563 1583 639 1646 illud
662 1582 727 1668 pila
740 1580 843 1643 donec
865 1576 1067 1643 tenuissimus
1083 1577 1185 1663 pulvis
1206 1577 1274 1656 fiat,
1289 1598 1430 1641 rursum-

335 1714 397 1779 que
412 1690 540 1753 mittens
555 1685 631 1748 illud
646 1685 679 1746 in
694 1681 896 1767 sartaginem,
911 1691 945 1744 et
959 1679 1128 1743 infundens
1150 1678 1311 1742 modicum
1326 1699 1430 1764 aqum,

336 1794 381 1856 sic
397 1789 561 1854 calefacies
573 1787 702 1850 fortiter.
749 1783 869 1846 Postea
881 1782 1005 1845 involve
1016 1780 1092 1843 illud
1103 1780 1135 1842 in
1146 1802 1287 1866 pannum
1299 1801 1430 1856 norum,

335 1903 368 1956 et
392 1913 474 1978 pone
496 1890 530 1952 in
553 1886 788 1974 pressatorium,
803 1885 836 1948 in
858 1906 923 1970 quo
938 1884 1019 1947 solet
1041 1883 1142 1962 olivae,
1161 1883 1211 1946 vel
1233 1904 1365 1962 nucum,
1381 1884 1430 1947 vel

335 1993 500 2082 papaveris
515 1993 620 2056 oleum
646 1987 788 2073 exprimi,
805 1994 841 2049 ut
855 1985 968 2050 codem
991 1985 1088 2049 modo
1108 1984 1203 2047 etiam
1225 1984 1310 2048 istud
1325 1985 1430 2070 expri-

336 2108 450 2162 matur.
495 2094 578 2159 Cum
605 2091 666 2154 hoc
692 2090 762 2152 oleo
785 2098 851 2150 tere
876 2088 1007 2151 minium
1034 2088 1099 2150 sive
1123 2086 1307 2150 cenobrinm
1336 2108 1431 2172 super

337 2202 473 2287 lapidem
502 2198 570 2262 sine
595 2215 688 2281 aqua,
718 2202 750 2254 et
779 2212 853 2254 cum
876 2189 1010 2276 pincello
1032 2188 1121 2252 linies
1148 2210 1242 2273 snper
1265 2189 1359 2268 ostia,
1381 2191 1430 2254 vel

336 2305 470 2381 tabulas,
481 2322 561 2386 quas
573 2294 731 2360 rubricare
747 2292 893 2372 volueris,
904 2302 936 2355 et
950 2291 989 2355 ad
1007 2292 1105 2355 solem
1119 2289 1263 2354 siccabis.
1304 2290 1430 2355 Deinde

335 2407 447 2469 iterum
470 2402 570 2477 linies,
586 2407 618 2461 et
642 2418 764 2460 rursum
792 2394 935 2459 siccabis.
981 2394 1033 2456 Ad
1059 2392 1203 2455 ultimum
1226 2414 1301 2457 vero
1323 2416 1430 2479 super·

336 2507 426 2570 linies
452 2503 480 2566 ei
507 2502 615 2584 gluten
642 2498 729 2583 quod
754 2497 909 2560 vernition
932 2495 1054 2574 dicitur,
1077 2494 1225 2580 quodque
1248 2495 1309 2559 boc
1334 2496 1430 2561 modo

338 2605 513 2670 conficitur.

665 2976 900 3081 CAPUT
958 2976 1099 3073 XXL

662 3208 709 3252 DE
732 3202 884 3251 annulus
906 3197 1105 3242 vuuul'rlort.

416 3336 512 3403 ONE
543 3339 647 3403 oleum
674 3339 727 3403 lini
757 3337 791 3399 in
822 3333 918 3398 ollam
949 3350 1064 3393 novam
1091 3326 1264 3412 parvulam,
1290 3332 1323 3387 et
1351 3322 1431 3387 adde

437 3439 574 3529 gummi¹
598 3440 685 3527 quod
702 3444 835 3505 vocatur
858 3432 967 3511 fomis,
982 3427 1191 3493 minutissime
1211 3426 1332 3504 tritum,
1347 3421 1431 3510 quod

337 3545 436 3610 babet
449 3545 585 3631 speciem
607 3538 795 3607 lucidissimi
809 3534 920 3611 thuris,
935 3532 991 3595 sed
1006 3551 1079 3594 cum
1102 3526 1257 3614 frangitur
1276 3524 1432 3610 fulgorem

337 3647 501 3711 clariorem
517 3645 631 3710 reddit.
678 3641 776 3719 Quod
793 3660 868 3704 cum
884 3656 978 3721 super
991 3631 1145 3696 carbones
1160 3627 1312 3715 poenaria,
1332 3646 1432 3712 coque

339 3748 505 3831 diligenter
519 3748 565 3811 sic
579 3756 615 3810 ut
629 3769 695 3811 non
709 3743 832 3821 bulliat,
854 3740 957 3803 donec
979 3733 1069 3799 tertia
1084 3753 1158 3819 pars
1172 3737 1388 3808 consumatur,
1402 3736 1433 3791 et

337 3870 415 3913 cave
431 3849 605 3927 allamma,
620 3848 695 3935 quia
709 3844 921 3933 periculosum
937 3835 1030 3900 nimis
1045 3842 1105 3913 est,
1121 3841 1154 3896 et
1173 3830 1299 3895 difficile
1315 3829 1431 3894 exstin-

337 3949 443 4037 guitur
457 3950 484 4014 si
498 3950 699 4015 accendatur.
744 3944 818 4009 Hoc
834 3941 956 4030 glutine
965 3936 1069 4001 omnis
1085 3935 1209 4021 pictura
1223 3926 1432 4018 superlinita'‚

335 4055 420 4119 litet
435 4053 550 4116 decora
565 4072 603 4116 ac
618 4050 749 4115 omnino
764 4043 914 4111 durabilis
923 4039 944 4105 ⁸.

369 4224 375 4254 ¹
395 4223 425 4274 In
444 4223 471 4274 c.
490 4222 529 4283 R,
548 4224 564 4249 “
576 4220 670 4271 Arabici
678 4220 690 4241 ’'
707 4214 860 4269 additae—³
871 4211 981 4262 “Lucida
1000 4208 1028 4256 fit
1045 4214 1070 4255 st
1090 4204 1193 4265 decora,”
1208 4205 1294 4268 aprio
1311 4204 1340 4251 is
1360 4200 1431 4251 MSS·

334 4310 434 4375 Ouelpa
452 4302 629 4357 crodit-⁸
640 4305 657 4330 “
665 4302 691 4351 Si
700 4317 753 4351 vero
765 4298 864 4349 defudit
872 4296 958 4344 corium
965 4292 995 4339 ad
1003 4289 1165 4351 coopeiicndn
1174 4286 1274 4344 abun,
1280 4286 1361 4333 ewam
1368 4282 1431 4331 morlo

332 4405 360 4444 ct
374 4394 452 4442 eodem
465 4387 555 4452 glutino
572 4385 729 4447 cooperiantur
739 4397 791 4432 cum
802 4394 878 4443 panno
893 4376 936 4424 lini
952 4370 1097 4421 mediocdtcr
1111 4364 1296 4419 novor-Mau
1306 4368 1381 4417 bom
1396 4370 1432 4421 nt,

332 4480 386 4527 un
397 4476 542 4537 inuncap.
555 4468 603 4517 xix,
613 4484 662 4517 na
674 4468 759 4529 rapiar
770 4465 798 4513 n
810 4465 836 4512 c.
847 4462 879 4511 n
894 4453 1014 4509 rasam
