3144 5184
335 529 372 591 18
692 552 879 595 rusornrnr
907 554 1009 597 mann
1033 556 1057 598 1.

330 701 396 783 pari
411 702 507 765 modo
524 705 641 766 mixtus
656 704 776 790 absque
792 727 878 783 suco,
894 714 926 769 et
941 706 1093 769 intereos
1108 706 1167 770 fiat
1187 706 1280 770 albus
1293 716 1425 771 tractus.

331 801 457 868 Deinde
480 806 577 869 misce
599 828 638 869 ex
662 806 811 870 cenobrio
833 816 865 870 et
886 808 959 871 albo
982 818 1061 894 quot
1082 809 1205 871 colores
1220 809 1365 887 volneris,
1381 810 1426 872 ita

328 915 363 967 ut
379 906 496 989 primus
518 909 560 971 sit
583 909 741 971 modicum
765 909 914 987 cenobrii,
938 910 1095 973 secundus
1119 909 1200 995 plus,
1222 909 1334 973 tertius
1356 932 1424 973 am·

328 1008 419 1090 plius,
435 1018 565 1094 quartus
581 1010 684 1073 adbuc
701 1012 780 1094 plus,
795 1013 897 1075 donec
912 1011 1080 1096 pervenias
1103 1011 1144 1074 ad
1168 1010 1304 1096 simplex
1326 1033 1425 1075 oeno·
1540 1026 1541 1029 ’

327 1109 439 1174 brium.
487 1113 612 1176 Deinde
628 1113 768 1178 admisce
790 1113 892 1177 eidem
916 1111 1080 1176 modicum
1104 1112 1249 1176 rubeum.
1297 1112 1424 1176 Deinde

326 1211 458 1296 simplex
474 1215 617 1277 rubeum.
664 1214 743 1278 Post
760 1215 827 1278 haec
844 1214 977 1278 rubeum
1003 1215 1094 1297 nigro
1109 1214 1268 1292 admisce3
1292 1214 1334 1278 ad
1349 1215 1422 1278 ulti-

325 1333 412 1376 mum
437 1314 571 1400 nigmm.
618 1316 717 1379 Simili
744 1317 839 1380 modo
869 1316 1043 1379 commisce
1066 1318 1189 1381 colores
1211 1338 1251 1380 ex
1273 1316 1366 1380 viridi
1391 1324 1424 1379 et

324 1415 407 1493 albe,
423 1417 525 1481 donec
540 1419 705 1504 pervenias
721 1420 760 1482 ad
777 1419 910 1504 simplex
927 1417 1034 1482 viride.
1081 1418 1208 1481 Deinde
1229 1417 1372 1481 admisce
1393 1417 1422 1481 ei

323 1518 483 1582 modicum
513 1542 633 1585 sucum.
701 1519 882 1584 Commisce
913 1521 1036 1597 iterum,
1067 1529 1099 1583 et
1128 1519 1211 1583 adde
1241 1520 1313 1605 plus
1343 1520 1421 1583 suci.

324 1618 405 1685 Post
416 1621 483 1685 baec
495 1625 592 1687 misce
606 1623 766 1687 modicum
776 1623 855 1707 nigri
869 1647 877 1700 ;
894 1622 1008 1685 deinde
1018 1622 1109 1706 plus;
1126 1621 1168 1684 ad
1183 1620 1329 1684 ultimum
1345 1621 1421 1685 sim·

323 1721 394 1805 plex
407 1723 542 1809 nigrum.
579 1725 717 1788 Umbras
732 1747 805 1788 vero
822 1725 853 1786 in
868 1746 946 1809 ogra
956 1723 1052 1786 facies
1062 1745 1135 1786 cnm
1152 1721 1267 1800 rube03
1291 1721 1332 1785 ad
1349 1723 1422 1785 ulti·

321 1844 409 1885 mum
422 1824 531 1890 addito
543 1827 643 1910 nigro.
671 1826 809 1890 Umbms
823 1826 945 1889 manisc
957 1847 1029 1889 cum
1042 1825 1136 1903 folio;
1153 1824 1193 1888 ad
1203 1823 1352 1887 ultimum
1364 1825 1421 1888 ad·

322 1923 389 1988 dito
404 1925 505 2011 nigro.
539 1928 677 1993 Umbras
690 1928 753 1992 solii
765 1950 835 1991 cum
854 1928 962 2003 rubeo,
982 1926 1090 1989 addito
1106 1926 1196 2011 nigro
1206 1925 1247 1988 ad
1259 1924 1418 1988 ultimum.

321 2023 385 2099 Qui
401 2029 521 2094 colores
536 2030 580 2095 ita
595 2031 733 2115 ponendi
749 2039 833 2109 sunt,
849 2039 885 2093 ut
906 2051 946 2093 ex
970 2029 1075 2092 medio
1098 2026 1277 2113 pallidiores
1298 2035 1419 2091 tractus
1540 2048 1541 2075 ³

319 2131 503 2212 procedant,
519 2133 609 2197 etita
625 2133 798 2197 ascendant
819 2153 917 2218 usque
940 2131 981 2194 ad
1005 2129 1142 2193 exterius
1165 2128 1301 2213 nigrum.
1348 2128 1417 2194 Ho-

319 2251 388 2294 rum
402 2242 561 2299 tractuum
578 2256 742 2322 nunquam
758 2235 940 2319 plusquam
956 2231 1126 2295 duodecim
1149 2252 1220 2295 esse
1235 2240 1372 2316 possunt
1385 2232 1415 2295 in

317 2343 452 2421 utroque
466 2339 582 2402 colore.
629 2336 673 2400 Et
687 2336 713 2399 si
730 2334 864 2399 volueris
880 2343 938 2412 tot,
961 2333 1007 2396 sic
1030 2342 1172 2418 tempera
1194 2332 1362 2413 mixturas,
1384 2344 1417 2397 ut

318 2435 452 2521 simplex
467 2438 500 2501 in
515 2440 650 2525 septimo
672 2440 743 2502 loco
759 2458 868 2523 ponas.
915 2433 949 2498 si
964 2435 1099 2499 volueris
1121 2457 1247 2514 novem,
1269 2434 1303 2498 in
1326 2446 1416 2498 sexto

320 2536 392 2600 loco
415 2538 549 2624 simplex
572 2561 664 2625 pone.
712 2539 744 2601 Si
767 2538 902 2602 volueris
924 2547 998 2601 oeto
1021 2538 1070 2600 vel
1092 2545 1225 2623 septem,
1246 2537 1280 2598 in
1303 2537 1415 2623 quinto

320 2637 391 2703 loco
406 2639 540 2725 simplex
557 2663 648 2726 pone.
692 2641 727 2704 si
743 2640 877 2705 volneris
900 2660 968 2718 sex,
990 2638 1023 2701 in
1045 2647 1169 2724 quarto.
1215 2636 1249 2701 Si
1264 2638 1415 2725 quinque,

317 2737 350 2799 in
365 2739 468 2804 tertio.
513 2739 546 2804 Si
569 2751 705 2828 quatuor
727 2743 776 2804 vel
800 2751 874 2819 tres,
899 2763 964 2804 non
991 2740 1173 2825 interponas
1197 2739 1242 2803 eis
1269 2740 1414 2826 simplex,

316 2840 373 2903 sed
399 2862 482 2922 eum,
505 2843 560 2928 qui
582 2851 656 2907 ante
682 2843 856 2928 simplicem
876 2842 952 2929 poni
979 2841 1110 2906 deberet
1131 2841 1250 2906 habeas
1265 2863 1324 2927 pro
1339 2842 1415 2905 sim·

316 2940 397 3024 plici,
428 2954 460 3007 et
488 2945 590 3009 eidem
617 2944 757 3010 admisce
779 2946 925 3008 umbram
952 2942 1107 3030 usquead
1123 2942 1260 3006 exterius
1275 2943 1412 3028 nigrum.

317 3041 390 3107 Hoc
404 3065 499 3130 opere
514 3047 596 3110 fiunt
610 3046 714 3111 throni
730 3046 855 3111 rotundi
872 3056 904 3109 et
918 3042 1138 3131 quadranguli,
1149 3053 1182 3107 et
1195 3054 1316 3107 tractus
1330 3046 1414 3109 circa

315 3144 451 3225 lumbos,
467 3156 499 3212 et
513 3148 661 3213 arbomm
677 3148 798 3234 stipites
813 3168 886 3211 cum
901 3147 1007 3225 ramis,
1031 3154 1063 3209 et
1084 3145 1271 3229 columpnae,
1293 3154 1327 3209 et
1348 3155 1413 3209 tur-

316 3268 367 3311 res
383 3250 536 3329 rotundae,
551 3258 584 3314 et
605 3251 715 3315 sedilia
736 3262 768 3314 et
790 3248 939 3336 quiequid
963 3246 1133 3310 rotundum
1155 3268 1308 3331 apparere
1324 3248 1409 3311 velis.

316 3348 410 3414 Fiunt
425 3352 522 3416 etiam
537 3374 629 3417 arcus
644 3374 739 3437 super
753 3352 918 3416 columnas
933 3349 965 3411 in
988 3347 1137 3412 domibus
1158 3348 1271 3437 eodem
1294 3371 1408 3434 opere3

314 3453 370 3516 sed
386 3475 451 3517 uno
466 3455 583 3534 colore,
599 3454 643 3517 ita
658 3463 693 3516 ut
714 3453 844 3516 interius
867 3452 975 3515 album
996 3450 1039 3533 sit
1060 3459 1093 3513 et
1115 3449 1252 3513 exterius
1275 3449 1407 3535 nigrum.

311 3554 426 3620 'l'urres
442 3556 585 3620 rotundae
599 3557 681 3620 fiunt
695 3554 736 3619 de
751 3575 839 3641 ogra,
855 3554 899 3617 ita
918 3561 954 3616 ut
974 3553 1007 3615 in
1030 3550 1134 3616 medio
1157 3551 1199 3614 sit
1221 3560 1342 3615 tractus
1362 3554 1408 3615 nl·

311 3655 382 3735 bus,
398 3667 430 3721 et
444 3680 483 3721 ex
498 3668 631 3743 utraque
645 3666 734 3743 parte
749 3655 902 3741 procedat
915 3675 995 3739 ogra
1005 3653 1134 3718 omnino
1149 3651 1268 3738 pallida
1283 3662 1316 3716 et
1329 3675 1408 3738 pau-

311 3755 399 3819 latim
422 3758 551 3823 trahens
566 3781 711 3823 croceum
733 3759 872 3822 colorem
896 3778 996 3842 usque
1018 3753 1303 3838 antepenultimum
1325 3765 1406 3818 trae·

310 3863 389 3936 tum,
405 3880 479 3922 cum
493 3883 558 3945 quo
575 3860 742 3924 misceatur
757 3860 920 3924 modicum
935 3857 1068 3921 rubeum
1077 3880 1087 3934 ;
1118 3855 1234 3919 deinde
1258 3856 1404 3942 amplius,

309 3955 355 4020 sie
371 3967 477 4023 tamen
493 3970 529 4024 ut
544 3983 604 4025 nec
618 3962 753 4047 simplex
776 3984 855 4048 ogra
869 3981 928 4024 nec
944 3959 1078 4043 simplex
1096 3957 1228 4021 rubeum
1244 3968 1404 4045 appareat.

310 4056 435 4123 Eodem
451 4063 547 4138 modo
563 4073 596 4127 et
611 4064 722 4127 eadem
738 4064 873 4128 mixtura
890 4063 970 4125 fiunt
984 4071 1084 4124 turres
1099 4060 1244 4125 rotundae
1259 4084 1302 4143 ex
1315 4061 1404 4148 nigro

309 4169 343 4225 et
366 4160 449 4226 albo.
494 4163 624 4250 Stipites
646 4164 793 4229 arborum
816 4163 1063 4231 commiscentur
1084 4184 1124 4226 ex
1146 4162 1236 4226 viridi
1259 4174 1292 4228 et
1315 4186 1414 4250 ogra,
