3018 5170
301 507 365 569 300
651 523 843 569 renormat
871 523 975 568 arasa
998 525 1050 567 111.

295 678 364 760 jam
380 675 498 738 formae.
545 675 635 751 Quas
658 676 788 739 omnino
804 676 938 739 siccatas
961 697 1060 762 pones
1075 675 1116 739 ad
1139 675 1253 761 ignem,
1268 686 1298 739 et
1317 697 1376 739 cnm

301 777 461 840 calefactae
472 776 596 854 fuerint,
609 798 713 841 ceram
725 777 950 863 liquescentem
964 777 1105 840 lundein
1118 798 1244 864 aquam,
1259 799 1380 842 rursum·

301 900 361 964 que
376 900 458 964 pone
475 878 514 940 ad
531 878 647 962 ignem,
664 878 771 964 sicque
787 879 883 941 facies
898 879 1003 943 donec
1019 900 1124 943 ceram
1147 879 1275 943 omnino
1289 878 1379 941 eicias.

304 980 384 1043 Post
399 979 465 1042 lraec
488 979 521 1041 in
547 980 617 1042 loco
634 991 709 1064 apto
733 990 766 1042 et
781 980 896 1065 aequali
914 1001 1014 1065 pones
1037 980 1193 1044 carbones
1218 1001 1337 1065 grossos
1356 991 1384 1042 et

302 1081 444 1165 frigidos,
461 1102 553 1166 super
567 1103 648 1167 quos
664 1081 802 1144 stabilies
815 1082 944 1159 formas,
960 1082 1166 1145 foraminibus
1180 1081 1304 1145 inferius
1317 1102 1383 1144 con·

302 1183 410 1260 versis,
426 1193 458 1247 et
479 1183 698 1268 circumpones
713 1183 758 1247 eis
780 1184 901 1269 lapides
921 1184 1028 1263 duros,
1044 1185 1098 1270 qui
1114 1184 1231 1248 resilire
1246 1205 1305 1247 non
1320 1205 1383 1267 pos·

302 1286 366 1348 sint
380 1285 420 1347 ad
437 1287 573 1348 calorem
588 1286 682 1371 ignis,
697 1294 729 1349 et
743 1285 904 1349 ordinabis
923 1309 978 1351 eos
995 1285 1132 1372 lapidem
1155 1307 1248 1372 super
1262 1285 1385 1371 lapidem

302 1388 334 1448 in
351 1388 587 1450 similitudinem
598 1387 680 1450 muri
696 1386 816 1477 absque
828 1397 1076 1473 temperamento
1089 1391 1201 1466 siccos,
1217 1388 1261 1452 ita
1274 1389 1385 1450 utinter
1502 1412 1503 1447 1

301 1488 422 1573 lapides
447 1490 546 1552 multa
571 1488 726 1552 foramina
753 1498 785 1551 et
812 1491 941 1574 parvula
966 1499 1161 1554 remaneant.
1209 1489 1332 1565 Quibus
1347 1489 1385 1550 ita
1502 1518 1503 1521 ¹

302 1590 496 1675 compositis,
512 1590 605 1653 altius
628 1613 725 1676 quarn
749 1591 859 1655 formae
874 1593 937 1656 sint
962 1592 1065 1677 spatio
1080 1592 1203 1656 dimidii
1227 1592 1323 1678 pedis,
1335 1591 1387 1654 cir·

302 1691 472 1756 cumfunde
498 1693 653 1756 carbones
679 1693 835 1771 ardentes,
861 1715 899 1757 ac
925 1693 1040 1758 deiude
1066 1694 1199 1781 frigidos
1228 1716 1325 1781 usque
1351 1693 1386 1756 ad

303 1816 473 1871 summum,
489 1805 520 1858 et
535 1815 611 1857 cave
626 1804 662 1857 ut
682 1805 805 1858 tantum
823 1796 916 1880 spatii
935 1796 975 1859 sit
989 1796 1071 1859 inter
1089 1796 1208 1861 formas
1223 1806 1255 1862 et
1269 1797 1387 1882 lapides,

303 1897 389 1982 quod
400 1896 552 1960 carbones
568 1918 680 1982 capere
690 1897 799 1981 possit.
842 1896 990 1983 Cumque
1002 1897 1155 1962 carbones
1167 1920 1279 1963 omnes
1289 1901 1389 1962 incan-

303 1998 437 2077 duerint,
454 1997 611 2061 interdum
627 1997 734 2083 gracili
747 1998 834 2084 ligno
844 1999 992 2062 movendi
1004 2010 1079 2063 aunt
1089 2000 1389 2087 circumquoqueper

303 2100 459 2163 foramina
484 2101 564 2163 inter
590 2099 712 2185 lapides
738 2108 773 2162 ut
797 2122 831 2163 se
856 2100 1062 2186 conjungant,
1089 2112 1121 2165 et
1144 2104 1232 2166 calor
1250 2125 1289 2166 ex
1314 2099 1390 2165 omni

305 2212 392 2287 parte
408 2203 538 2289 aequalis
553 2203 603 2265 sit.
650 2201 694 2264 Et
718 2223 791 2265 cum
811 2203 843 2264 iu
859 2211 983 2265 tantum
998 2202 1218 2267 descenderint
1232 2212 1269 2267 ut
1283 2203 1388 2267 formas

304 2305 409 2368 videre
425 2304 537 2389 possis,
551 2304 664 2368 iterum
679 2304 774 2389 imple
797 2302 919 2389 frigidis
934 2304 1123 2369 carbonibus
1137 2327 1240 2392 usque
1259 2306 1300 2370 ad
1315 2325 1390 2368 sum·

304 2428 402 2484 mum,
419 2405 527 2491 sicque
553 2404 645 2467 tertio
672 2404 777 2468 facies.
825 2404 963 2469 Etcum
986 2406 1100 2470 viderie
1123 2406 1242 2472 formas
1264 2405 1389 2472 exterius

304 2509 502 2583 candescere,
515 2529 597 2592 pone
621 2528 677 2570 vas
703 2506 736 2568 in
760 2507 867 2592 ignem
888 2530 960 2571 eum
983 2508 1138 2575 auricalco
1160 2509 1248 2596 quod
1271 2507 1390 2572 fundere

304 2609 450 2687 volueris,
466 2618 497 2672 et
512 2608 648 2693 primum
665 2607 799 2685 modice,
814 2608 929 2673 deinde
945 2611 1047 2696 magis
1063 2611 1228 2697 magisque
1247 2609 1389 2685 sufflabis,

304 2712 407 2776 donec
434 2712 562 2775 omnino
590 2711 738 2797 liquefiat.
785 2709 860 2784 Quo
887 2711 971 2775 facto
995 2734 1068 2776 cum
1093 2734 1189 2776 curro
1216 2712 1296 2776 ferro
1315 2712 1391 2776 etin

306 2814 392 2899 ligno
417 2812 516 2877 infixo
538 2814 705 2898 diligenter
733 2834 908 2892 commove,
924 2824 956 2877 et
974 2834 1029 2876 vas
1053 2813 1086 2876 in
1110 2815 1192 2877 latus
1216 2812 1300 2877 aliud
1324 2833 1392 2877 con·

306 2925 411 2995 verte;
436 2936 621 3001 rursumque
647 2915 805 2979 auricalco
835 2915 930 3001 imple
952 2925 985 2980 et
1011 2916 1141 2992 calefac,
1167 2917 1276 3001 sicque
1305 2913 1392 2978 facies

305 3019 408 3081 donec
421 3038 476 3080 vas
492 3017 619 3102 plenum
636 3018 702 3093 fiat,
718 3027 750 3080 et
765 3017 869 3081 denuo
879 3038 951 3080 eum
963 3039 1062 3082 curvo
1078 3018 1160 3082 ferro
1177 3015 1391 3091 commovebis,

306 3129 338 3182 et
351 3139 370 3180 a
384 3116 574 3180 carbonibus
589 3117 749 3203 purgabis,
766 3128 798 3183 et
813 3119 972 3182 sufflatore
987 3118 1107 3183 fortiter
1129 3119 1226 3183 flante
1242 3117 1390 3205 cooperies

306 3219 431 3305 magnis
446 3218 645 3282 carbonibus.
692 3219 819 3283 Deinde
830 3220 945 3284 amotis
959 3221 1115 3307 lapidibus
1127 3220 1245 3285 formas
1259 3220 1347 3284 eicies
1355 3218 1390 3281 ab

306 3321 389 3407 igne,
406 3330 438 3384 et
459 3322 602 3407 argillam
624 3321 822 3385 abundanter
836 3322 921 3409 aqud
936 3323 1096 3408 perfusam
1112 3333 1208 3410 atque
1222 3323 1256 3386 in
1272 3322 1390 3386 modum

306 3422 382 3487 fecis
407 3430 601 3487 attenuatam
626 3444 699 3487 cum
724 3444 830 3509 panno
856 3424 1022 3509 diligenter
1048 3424 1266 3505 circumlinies,
1295 3425 1390 3511 sicque

302 3528 396 3612 juxta
410 3526 581 3607 fornacem,
595 3527 629 3590 in
644 3548 739 3613 quam
763 3525 881 3605 fundis,
896 3527 984 3592 fossa
999 3527 1087 3592 facta
1101 3527 1219 3591 formas
1241 3527 1353 3613 inpone
1365 3535 1392 3588 et

307 3640 422 3693 terram
437 3630 682 3716 circumquaque
706 3648 874 3713 exaggera,
890 3638 922 3693 et
944 3628 1030 3715 ligno
1052 3630 1181 3694 inferius
1201 3629 1313 3717 aequali
1334 3649 1392 3692 cre·
1502 3702 1503 3725 ,

307 3729 393 3794 brius
421 3731 615 3817 inpingendo
648 3731 813 3817 diligenter
843 3730 1026 3816 comprime.
1071 3730 1249 3818 Statimque
1284 3731 1393 3796 habeas

307 3852 372 3916 prae
395 3832 541 3895 manibus
567 3833 772 3919 panniculum
794 3832 1005 3918 multipliciter
1025 3832 1250 3919 complicatum
1274 3844 1307 3898 et
1327 3835 1393 3897 lisso
1500 3854 1501 3883 1

307 3931 394 4017 ligno
409 3933 602 4018 impositum,
618 3934 783 4020 ejectoque
794 3933 949 3997 vassiculo
967 3933 1009 3997 ab
1022 3934 1097 4021 igne
1112 3956 1185 3999 eum
1201 3935 1320 4022 forcipe
1333 3957 1396 4000 cur·

308 4042 380 4098 vato
396 4044 507 4115 rostro,
522 4046 554 4099 et
577 4035 745 4121 panniculo
770 4035 928 4121 appositu,
943 4035 998 4121 qui
1021 4037 1130 4102 sordes
1153 4046 1187 4101 et
1202 4037 1324 4103 favillas
1346 4039 1394 4102 de-
