3090 5174
677 555 867 598 ‘rasorium
892 554 997 597 LIBER
1021 555 1074 597 111.

699 823 943 920 CAPUT
1004 825 1059 921 C

702 1043 834 1086 ITERUM
859 1044 905 1086 1>ss
928 1043 1057 1088 EODEM.

329 1190 593 1342 COLOREM
606 1189 736 1254 viridem
753 1191 886 1276 quivult
900 1189 942 1253 ad
957 1211 1049 1252 usum
1063 1186 1221 1252 scribendi
1236 1186 1295 1250 sibi
1307 1186 1412 1261 lacere,

440 1294 471 1356 in
489 1315 561 1356 vase
577 1315 649 1356 ereo
666 1294 726 1355 mel
741 1314 814 1356 cum
830 1302 920 1355 aceto
933 1292 1025 1357 valde
1040 1290 1219 1354 immixtum
1233 1310 1322 1375 aequo
1338 1307 1409 1371 pou·
1517 1302 1518 1343 l

325 1396 399 1458 (lore
422 1395 577 1472 infundat,
601 1416 638 1458 ac
661 1394 776 1457 deinde
798 1393 829 1456 in
851 1392 1055 1479 sterquilinio,
1079 1392 1132 1456 ubi
1151 1392 1234 1455 calet
1249 1391 1327 1475 plus,
1341 1388 1410 1451 illud
1517 1380 1518 1409 ³

326 1499 513 1562 abscondat.

687 1870 917 1966 CAPUT
977 1870 1064 1966 CL

829 2091 923 2135 ITEM.

414 2241 554 2308 CCIPE
569 2263 625 2306 vas
641 2263 802 2327 cupreum,
818 2252 850 2305 et
871 2243 943 2307 lava
958 2244 1036 2308 illud
1051 2245 1135 2308 intus
1150 2252 1182 2308 et
1197 2245 1273 2309 foris
1288 2254 1319 2308 et
1333 2245 1412 2307 mitte
1519 2262 1520 2273 ¹

456 2345 497 2409 ad
513 2345 612 2409 solem
627 2353 663 2406 ut
677 2344 822 2408 siccetur.
868 2344 988 2409 Postea
1002 2354 1134 2430 accepto
1149 2348 1242 2411 melle
1256 2347 1413 2433 purissimo
1519 2382 1520 2395 κ

329 2470 468 2534 perunge
484 2448 567 2511 intus
588 2456 621 2510 et
643 2447 728 2510 foris.
775 2445 901 2511 Deinde
916 2456 1044 2513 contere
1058 2449 1105 2512 sal
1121 2470 1215 2535 super
1229 2449 1372 2537 lapidem,
1385 2456 1412 2511 et
1519 2446 1520 2491 ἶ

328 2573 401 2616 cum
417 2572 454 2614 eo
470 2558 572 2613 totum
596 2548 781 2635 proedictum
797 2571 853 2612 vas
873 2570 1017 2636 asperge,
1033 2558 1065 2614 et
1079 2557 1154 2615 tunc
1169 2551 1253 2615 idem
1269 2573 1324 2614 vas
1338 2571 1413 2637 ponc

329 2675 423 2739 super
450 2652 626 2717 scultellam
651 2652 778 2737 plenam
803 2660 905 2730 aceto,
928 2652 1064 2737 positam
1087 2653 1121 2716 in
1146 2654 1250 2718 medio
1277 2652 1413 2718 stercoris

328 2776 492 2841 equorum,
508 2753 554 2817 ita
568 2764 685 2833 tamen,
700 2762 736 2817 ut
750 2753 790 2817 de
805 2762 942 2818 stercore
957 2776 1059 2842 neque
1073 2776 1130 2819 ras
1144 2776 1305 2841 cupreum,
1318 2774 1415 2841 neque

329 2867 464 2936 acetum,
488 2857 740 2937 contaminetur3
763 2865 796 2920 et
817 2857 862 2920 sic
881 2856 1007 2921 dimitte
1026 2865 1109 2921 stare
1131 2878 1188 2943 per
1208 2857 1346 2944 quinque
1366 2863 1414 2920 aut
1520 2884 1521 2897 κ

329 2981 386 3023 sex
401 2959 478 3023 dies.
526 2957 645 3022 Postea
660 2958 735 3022 tolle
750 2957 835 3022 idem
850 2979 917 3038 vas,
933 2969 1055 3024 remoto
1070 2969 1216 3040 stercore,
1231 2971 1265 3025 et
1279 2957 1412 3025 mittead
1519 3006 1521 3017 ,

329 3062 429 3125 solem
443 3059 548 3123 donec
563 3059 707 3140 siccetur,
722 3068 756 3123 et
771 3068 847 3124 tunc
862 3082 935 3124 cum
949 3061 1074 3126 cultello
1088 3061 1207 3126 abrade
1221 3070 1323 3128 totum
1337 3062 1414 3127 colo

329 3183 395 3225 rem
410 3161 465 3248 qui
480 3160 521 3224 de
536 3160 649 3224 eodem
665 3181 740 3225 rese
761 3162 925 3227 conlectus
944 3171 1004 3241 est,
1019 3171 1052 3226 et
1065 3163 1157 3227 mitte
1171 3186 1245 3229 eum
1259 3164 1293 3229 in
1306 3161 1413 3250 aliquid

329 3284 396 3344 vas,
412 3272 445 3327 et
459 3261 557 3328 misce
572 3283 645 3327 eum
660 3262 766 3328 adhuc
781 3284 853 3330 cum
869 3266 972 3345 melle,
987 3276 1019 3331 et
1032 3265 1079 3330 sic
1092 3267 1238 3354 depinge

668 3727 897 3826 CAPUT
956 3731 1126 3826 Cll¹

676 3963 723 4005 1>ss
745 3964 946 4009 scuhr'rusa
966 3967 1074 4012 vrum.
1117 3968 1125 3979 '

443 4100 517 4254 O
541 4105 629 4171 VOS
644 4109 781 4175 artifices
796 4111 850 4198 qui
865 4113 1007 4199 sculpere
1022 4114 1115 4178 vultis
1130 4114 1262 4179 honeste

547 4208 682 4291 Vitium,
697 4235 783 4276 nuno
797 4214 889 4278 vobis
904 4215 1054 4300 pandam,
1071 4216 1156 4280 volut
1171 4216 1238 4301 ipse
1253 4214 1388 4302 probavi.

440 4313 573 4378 Vermes
588 4315 716 4400 quaesivi
733 4314 865 4401 pingues
880 4339 962 4402 quos
978 4318 1069 4380 vertit
1084 4326 1223 4382 aratrum

726 4484 734 4513 ¹
752 4488 769 4513 «ι
780 4484 885 4535 susim
901 4488 1008 4549 sputu
1017 4496 1054 4535 m.
