3090 5174
344 531 407 592 382
699 546 888 590 rnaoenna
913 546 1017 589 urana
1040 546 1093 590 111.

344 700 509 777 lirnaveriS,
532 699 650 761 calefac
674 698 871 761 mediocriter
893 706 926 760 et
948 697 1026 760 frica
1048 718 1140 781 super
1162 717 1199 758 ea
1218 717 1314 758 comu
1333 695 1440 771 bovis,

343 804 408 864 sive
432 824 551 886 pennas
574 801 704 878 anseris,
731 823 802 885 quae
824 821 897 863 cum
920 822 940 862 a
963 800 1066 863 calore
1089 798 1250 861 modiculm
1271 796 1441 882 liquefacta

344 905 424 966 ferro
440 904 637 979 adhaeserint,
659 904 784 989 nigrum
800 904 938 965 colorem
953 911 985 964 et
1000 900 1087 987 quod
1102 922 1121 961 a
1137 899 1234 962 modo
1250 899 1279 961 ei
1293 897 1442 961 eonveni-

342 1016 447 1068 entem
464 1006 625 1091 praebebit.

651 1692 880 1788 CAPUT
941 1692 1115 1787 XCII.

696 1930 742 1972 DE
765 1930 966 1975 SCULPTURA
988 1930 1089 1974 ossls.

342 2094 674 2252 SCULPTURUS
698 2118 745 2173 os,
766 2096 902 2180 primum
922 2096 1025 2161 forma
1043 2097 1183 2160 tabulam
1202 2099 1293 2184 enjus
1314 2097 1430 2183 magni·

422 2202 540 2265 tudinis
569 2198 714 2277 volueris,
743 2208 775 2261 et
798 2220 1014 2284 superponens
1038 2209 1168 2280 cretam,
1196 2200 1342 2285 pertrahe
1365 2222 1432 2263 cnm

341 2305 471 2390 plumbo
492 2303 645 2387 imagines
666 2301 840 2364 secundum
861 2300 995 2380 libitum,
1018 2311 1113 2387 atque
1133 2323 1206 2364 cum
1227 2303 1336 2387 gracili
1357 2302 1432 2366 ferro

340 2407 471 2492 designa
492 2415 610 2467 tractus
627 2415 661 2466 ut
676 2411 849 2488 appareant
859 2426 868 2481 ;
892 2402 1006 2466 deinde
1021 2426 1094 2467 cnm
1114 2404 1245 2468 diversis
1261 2405 1350 2468 ferris
1365 2402 1431 2467 lode
1521 2484 1522 2493 ἵ

340 2532 471 2594 campos
493 2513 589 2595 quarn
612 2506 767 2591 profunde
790 2504 936 2584 volueris,
959 2505 1055 2570 etsie
1076 2506 1206 2570 demum
1229 2506 1390 2592 ingenium
1403 2512 1431 2567 et

340 2611 503 2675 scientiam
532 2620 620 2672 tuam
656 2608 763 2693 sculpe
796 2607 959 2693 imagines,
989 2610 1038 2672 vel
1076 2610 1160 2675 aliud
1190 2610 1277 2696 quod
1304 2605 1430 2673 libuerit

341 2714 438 2788 Quod
462 2714 488 2777 si
516 2711 650 2776 volueris
674 2731 754 2795 opus
778 2719 868 2773 tuum
894 2710 962 2773 auri
986 2710 1094 2797 petulat
1117 2733 1239 2791 ornare,
1265 2712 1375 2797 gluten
1395 2708 1431 2772 de
1520 2784 1521 2787 Ἴ

340 2817 444 2880 vesica
466 2815 561 2901 piscis
584 2813 637 2901 qui
659 2812 774 2876 dieitur
796 2812 876 2876 huso
899 2812 1052 2899 subpone,
1075 2823 1107 2878 et
1127 2814 1225 2879 incisa
1247 2814 1360 2900 petulat
1383 2830 1432 2898 per
1520 2802 1521 2807 ἵ

341 2920 521 3003 particulas,
544 2916 624 2979 sicut
646 2914 781 2980 volueris
803 2936 958 3001 suppone.
1015 2914 1132 2981 Forma
1153 2916 1248 2981 etiam
1271 2913 1429 2980 manubria

338 3045 378 3085 ex
394 3022 488 3084 ebore
511 3019 646 3084 rotunda
667 3019 733 3082 sive
748 3027 882 3099 costata,
904 3027 937 3081 et
951 3019 1003 3083 fac
1017 3020 1159 3084 foramen
1180 3041 1236 3105 per
1250 3018 1389 3083 medium
1402 3017 1430 3079 in

340 3121 546 3207 longitudine,
568 3120 682 3183 deinde
702 3142 775 3184 curn
791 3121 873 3184 limis
888 3121 1019 3188 diversis
1035 3123 1076 3186 ad
1093 3122 1248 3209 hocopus
1270 3122 1355 3207 aptis
1370 3142 1429 3185 am-

339 3224 445 3310 plifica
463 3221 605 3286 foramen
625 3230 661 3285 ut
682 3223 723 3286 sit
736 3223 866 3288 interius
889 3224 971 3289 sicut
991 3225 1137 3306 exterius,
1159 3234 1192 3289 et
1207 3225 1248 3288 sit
1265 3232 1429 3310 pernotum
1519 3208 1520 3215 ἵ

338 3327 499 3413 aequaliter
523 3333 555 3388 et
576 3325 774 3390 mediocriter
802 3336 915 3407 tenne;
948 3335 1043 3416 atque
1065 3326 1210 3414 pertrahe
1242 3326 1276 3389 in
1305 3326 1429 3391 circuitu

339 3430 492 3493 subtiliter
506 3427 667 3508 flosculos,
687 3428 753 3491 sive
769 3428 897 3511 bestias,
921 3452 1006 3511 aves,
1021 3431 1071 3495 vel
1086 3430 1241 3494 dracones
1255 3428 1390 3493 collibus
1402 3436 1429 3491 et

338 3533 447 3597 caudis
459 3538 692 3609 concatenatos,
704 3538 737 3592 et
750 3551 825 3593 cum
840 3532 1008 3597 subtilibus
1019 3533 1108 3598 ferris
1124 3554 1255 3618 campos
1269 3532 1428 3605 transfere,
1518 3510 1519 3565 l

337 3635 451 3700 deinde
467 3636 573 3720 sculpe
588 3632 684 3719 qnam
704 3632 851 3717 gracilius
866 3644 898 3698 et
912 3635 1075 3721 operosius
1091 3635 1204 3721 possis.
1249 3634 1327 3710 Quo
1342 3634 1427 3709 facto,

338 3738 433 3823 imple
448 3738 590 3801 foramen
611 3736 740 3801 interius
755 3735 843 3823 ligno
858 3737 1038 3823 quercineo,
1060 3738 1146 3825 quod
1162 3737 1326 3822 cooperies
1340 3756 1428 3821 cupro

337 3839 423 3901 tenui
438 3828 600 3916 deaurato,
618 3837 663 3900 ita
677 3847 713 3901 ut
727 3859 782 3922 per
797 3861 908 3902 omnes
929 3860 1060 3925 campos
1074 3861 1185 3903 aumm
1201 3840 1301 3903 rideri
1316 3838 1425 3925 possit;

334 3940 445 4037 sicque
460 3961 500 4002 ex
515 3939 626 4002 eodem
644 3962 715 4002 osse
730 3940 874 4025 particuli
889 3940 1013 4005 duabus
1027 3940 1186 4027 injunctis,
1209 3940 1339 4005 obstrue
1353 3940 1428 4003 fora·

338 4064 411 4105 men
433 4046 507 4105 ante
531 4050 563 4105 et
583 4043 675 4118 retrb,
698 4063 779 4128 quas
801 4042 984 4107 obfirmabis
1007 4044 1106 4108 osseis
1133 4043 1243 4125 clavis,
1273 4053 1340 4106 tarn
1362 4042 1428 4106 sub

337 4145 439 4226 tiliter,
463 4154 497 4208 ut
511 4144 615 4207 nullus
634 4144 833 4209 considerare
853 4146 954 4231 possit
973 4146 1107 4233 qualiter
1125 4167 1236 4209 aarum
1255 4144 1428 4230 impositum

337 4249 386 4313 sit.
433 4246 514 4312 Post
533 4247 601 4310 haee
615 4246 648 4308 in
663 4246 812 4310 anteriori
830 4247 984 4334 particula
1003 4248 1053 4312 fac
1075 4248 1219 4312 foramen
1233 4246 1267 4309 in
1286 4270 1352 4334 quo
1371 4244 1428 4309 cul·

336 4352 427 4416 tellus
452 4351 633 4437 inponatur,
657 4350 747 4434 cujus
775 4351 878 4413 cauda
898 4349 1052 4415 calefacta
1071 4350 1178 4415 leviter
1193 4358 1299 4435 potest
1316 4347 1427 4434 inponi,

336 4454 411 4539 quia
432 4455 553 4539 lignum
575 4460 624 4515 est
645 4451 775 4515 interius
791 4462 822 4515 et
841 4454 970 4519 firmiter
992 4453 1108 4518 stabit:
1132 4453 1181 4517 fac
1204 4451 1300 4515 etiam
1323 4472 1426 4515 manu·
