3166 5190
325 491 387 550 248
683 507 874 550 rusoenrnr
903 506 1007 550 ursan
1031 508 1083 551 111.

324 659 355 718 in
372 658 445 720 illud
463 659 568 719 vivum
592 668 756 741 argeutum
779 681 851 721 cum
875 681 964 737 auro,
987 669 1019 721 et
1041 659 1225 722 festinanter
1248 679 1323 720 cum
1341 658 1426 719 ferro

324 783 419 822 curvo
443 772 474 823 et
496 761 652 822 susidente
676 761 752 823 frica
774 762 850 824 illud
875 774 907 825 et
929 764 1022 839 mole,
1038 762 1140 824 donec
1161 761 1237 823 nihil
1253 761 1377 823 sentias
1393 762 1425 820 in

322 864 461 940 vasculO,
485 863 543 924 nisi
567 863 751 941 humorem3
775 888 914 951 moxque
937 864 1064 929 effunde
1085 864 1259 950 inaquam.
1308 862 1427 948 Ejecta

323 989 396 1030 vero
413 966 496 1051 aqua
511 966 573 1042 illei,
590 966 678 1029 mitte
699 990 810 1029 aurum
832 969 864 1030 in
886 990 1016 1030 manum
1032 967 1200 1043 sinistram,
1216 975 1248 1028 et
1262 966 1338 1027 lava
1354 964 1424 1026 dili-

323 1082 442 1151 genter,
466 1069 603 1154 probans
626 1069 737 1154 digito,
760 1070 785 1131 si
810 1070 889 1132 bene
912 1070 1055 1133 molitum
1077 1070 1136 1146 sit3
1159 1079 1191 1132 et
1209 1068 1235 1131 si
1257 1079 1317 1147 est,
1339 1088 1425 1151 pone

214 1258 217 1263 γ
323 1194 416 1257 super
431 1195 569 1256 pannum
595 1173 709 1234 lineum
734 1174 897 1249 mundum,
921 1183 952 1234 et
969 1173 1057 1256 jacta
1080 1171 1139 1234 hac
1162 1180 1193 1232 et
1214 1170 1297 1247 illac,
1318 1171 1423 1232 donec

324 1276 565 1360 sicceturaqua.

602 1879 837 1975 CAPUT
896 1877 1136 1974 XXXVI.

406 2287 503 2351 UOD
528 2287 554 2349 si
577 2297 689 2350 natura
712 2288 778 2350 auri
800 2288 872 2351 talis
888 2298 945 2365 est,
958 2298 994 2349 ut
1008 2286 1053 2351 sic
1073 2307 1138 2348 non
1158 2284 1262 2370 possis
1290 2285 1420 2360 molere,

433 2391 541 2476 accipe
565 2391 704 2477 lapidem
726 2390 892 2476 aequalem,
916 2400 948 2454 et
969 2390 1002 2452 in
1023 2387 1128 2451 medio
1158 2388 1226 2472 ejus
1256 2386 1306 2449 lac
1333 2387 1419 2449 sora·

321 2515 394 2556 men
410 2494 573 2557 latitudine
584 2494 678 2557 trium
694 2493 865 2580 digitorum
878 2503 909 2555 et
925 2492 1016 2555 simili
1031 2490 1254 2577 profunditate.
1291 2488 1417 2552 Deinde

321 2617 398 2680 para
413 2596 470 2658 tibi
485 2596 621 2681 lapidem
643 2597 802 2660 duriorem
823 2596 887 2674 ino,
906 2594 952 2658 sie
973 2594 1134 2679 gracilem,
1149 2602 1185 2656 ut
1199 2592 1300 2677 possit
1314 2591 1347 2653 in
1362 2592 1417 2654 illo

320 2698 474 2761 foramine
490 2700 641 2776 converti,
663 2712 696 2763 et
718 2701 763 2762 sic
786 2701 926 2783 longum,
944 2708 980 2759 ut
1000 2697 1101 2782 possit
1120 2696 1154 2758 in
1171 2695 1292 2780 lignum
1313 2694 1369 2779 ligi
1384 2702 1418 2757 et

320 2801 447 2879 firmari,
463 2802 550 2887 quod
569 2802 691 2887 lignum
709 2804 750 2865 sit
770 2800 964 2887 longitudine
980 2798 1073 2862 trium
1089 2798 1245 2873 ulnarum,
1261 2806 1302 2873 et,
1320 2795 1353 2857 in
1368 2795 1416 2856 in-

320 2902 424 2965 feriori
440 2914 538 2987 parte,
554 2905 585 2966 in
601 2927 664 2990 qua
680 2904 758 2989 lapis
767 2903 951 2990 jungendus
967 2911 1024 2979 est,
1040 2901 1081 2963 sit
1097 2897 1307 2985 grossitudine
1323 2897 1415 2960 unius

320 3004 425 3090 tybiae.
472 3010 572 3090 Super
587 3028 681 3092 quem
704 3007 852 3092 lapidem,
875 3005 1039 3069 altitudine
1061 3001 1182 3065 dimidii
1198 3000 1298 3086 pedis,
1313 3010 1414 3063 traus-

320 3109 439 3172 foretur
453 3109 557 3194 ipsum
573 3110 703 3193 lignum,
727 3109 777 3171 oui
794 3111 947 3195 jungatur
965 3106 1049 3169 aliud
1065 3104 1185 3190 lignum
1201 3114 1295 3166 tenue
1311 3101 1414 3164 latitu-

320 3212 392 3274 dine
408 3212 540 3274 duarum
556 3212 742 3297 palmarum,
758 3211 790 3274 in
805 3232 869 3297 quo
883 3210 984 3274 cauda
1000 3210 1066 3286 fiat,
1082 3229 1153 3293 quae
1168 3205 1310 3268 foramen
1326 3203 1412 3288 longi

319 3315 396 3401 ligni
413 3324 619 3400 pertranseat,
634 3313 813 3400 superquod
829 3324 923 3376 tenue
937 3312 1058 3398 lignum
1071 3311 1184 3395 ligetur
1199 3307 1278 3392 lapis
1289 3306 1413 3391 magni·

320 3418 428 3481 tudine
443 3418 536 3481 unius
553 3417 651 3502 pedis,
667 3439 686 3479 a
701 3439 765 3504 quo
780 3416 884 3502 lapide
904 3416 961 3478 fiat
976 3436 1100 3477 sursum
1116 3412 1235 3497 lignum
1251 3410 1368 3495 graeile
1383 3418 1413 3471 et

320 3521 453 3583 rotunde
470 3520 604 3583 incisum
616 3529 712 3605 atque
728 3520 867 3605 planum,
884 3519 972 3581 itaut
987 3518 1194 3579 intermunus
1210 3513 1310 3599 possit
1321 3512 1410 3576 volvi.

322 3619 381 3682 His
396 3621 440 3682 ita
455 3621 639 3705 compositis
662 3642 744 3705 pone
767 3621 919 3705 majorem
942 3622 1079 3707 lapidem
1102 3620 1134 3683 in
1156 3619 1283 3705 pelvim,
1302 3616 1410 3681 sivein

321 3742 377 3783 vas
401 3721 539 3803 ligneum
563 3723 693 3808 aequale,
716 3733 748 3787 et
769 3723 839 3787 vide
861 3736 896 3787 ut
918 3724 996 3809 lapis
1020 3722 1150 3786 firmiter
1165 3722 1283 3807 jaceat,
1306 3732 1411 3783 etuas

320 3821 450 3884 firmiter
466 3834 537 3886 stet.
583 3823 729 3912 Cumque
751 3848 862 3889 aurum
885 3849 957 3889 cum
974 3826 1045 3888 vivo
1067 3836 1200 3910 argento
1224 3824 1254 3885 in
1272 3823 1411 3885 foramen

320 3924 388 4008 ejus
412 3922 542 4004 miseris,
566 3938 598 3989 et
619 3929 765 3992 sabulum
787 3931 922 4014 desuper
941 3939 1036 4015 atque
1051 3948 1178 4013 aquam,
1194 3926 1322 4010 impone
1337 3924 1411 4008 lapi-

319 4030 392 4090 dem
416 4024 580 4105 minorem,
603 4029 658 4115 qui
680 4031 767 4117 ligno
785 4033 914 4116 junctus
937 4043 994 4109 est,
1017 4040 1190 4114 tenensque
1209 4027 1240 4089 in
1263 4024 1409 4111 superiori

319 4141 408 4216 parte
424 4128 525 4213 ipsum
549 4130 680 4215 lignum,
704 4146 852 4197 converte
875 4134 1034 4196 modicum
1060 4133 1140 4194 inter
1155 4150 1269 4191 manus
1284 4138 1366 4204 tuas,
1381 4136 1410 4188 et

319 4254 393 4309 mox
410 4253 464 4316 per
486 4231 656 4317 impulsum
679 4235 760 4299 illius
783 4235 905 4321 lapidis,
928 4236 981 4323 qui
1005 4236 1119 4319 ligatus
1138 4242 1186 4295 est
1200 4230 1339 4307 inferius,
1354 4229 1409 4292 cir-

316 4339 516 4416 cumferetur,
538 4336 644 4422 sieque
667 4337 915 4401 circumferendo
939 4339 1021 4400 mole
1043 4358 1099 4421 per
1120 4345 1257 4421 quatuor
1279 4331 1328 4393 vel
1350 4342 1408 4393 tres

313 4436 417 4501 horas.
464 4437 627 4501 Interdum
644 4461 718 4503 vero
742 4440 862 4527 respice
884 4450 916 4503 et
935 4438 1033 4525 proba
1048 4437 1159 4522 digito,
1174 4446 1207 4498 et
1221 4455 1344 4497 rursum
1361 4432 1407 4495 in·
