3090 5174
342 514 406 575 400
691 531 881 576 ranormnr
906 527 1010 575 mann
1032 533 1085 576 111.

339 693 459 768 petram
483 704 690 747 marmoream
714 684 819 768 redegi
842 685 874 747 in
897 684 1068 769 pulverem,
1097 691 1193 770 atque
1215 680 1372 768 sulphuris
1391 701 1425 743 ac

338 787 425 871 cupri
439 788 595 871 pulverem
611 786 702 850 valde
714 785 819 849 tritum
836 785 1039 865 commiecni3
1063 785 1147 851 facta
1162 794 1269 850 autem
1280 784 1336 849 tali
1346 803 1427 848 com·

339 891 500 968 mixtione,
512 892 596 951 illam
609 911 687 973 puro
703 890 822 973 gummi
838 888 958 974 liquore
970 888 1152 974 temperavi,
1166 899 1199 951 et
1213 894 1425 972 supertectum

338 1013 378 1054 ex
408 990 468 1054 hac
497 1013 595 1055 causa
625 990 778 1075 probandi
803 990 937 1075 pincello
962 990 1053 1070 traxi,
1084 999 1180 1077 atque
1208 990 1242 1053 in
1270 989 1425 1053 fornacem

338 1094 472 1156 eandem
495 1094 595 1178 posui.
641 1095 701 1157 Ast
714 1094 768 1157 ubi
785 1095 853 1157 rufa
869 1094 936 1172 fuit,
958 1093 1044 1158 illam
1060 1115 1080 1157 a
1095 1092 1225 1157 fornace
1245 1089 1377 1166 extraxi,
1397 1098 1426 1152 et

338 1198 521 1260 commixtio
550 1219 646 1285 quarn
669 1219 762 1282 super
790 1206 903 1260 testam
931 1197 1018 1282 pinxi
1041 1198 1074 1260 in
1096 1196 1193 1261 viride
1220 1197 1336 1259 vitrum
1357 1213 1426 1257 con-

341 1321 430 1361 versa
445 1311 502 1363 est.

690 1690 927 1789 CAPUT
986 1684 1121 1789 cvl

665 1935 711 1978 DE
734 1934 882 1980 PICTURA
905 1935 976 1979 clm
999 1934 1115 1980 Vl'l'BO.

424 2096 572 2161 ITRUM
590 2096 676 2182 quod
696 2097 828 2160 nimium
849 2097 928 2160 viret
942 2096 969 2160 si
984 2098 1096 2183 quaeris
1115 2098 1156 2161 ad
1178 2097 1329 2184 pingendi
1343 2118 1426 2162 usum

442 2201 497 2263 tibi
521 2199 633 2277 faeere,
663 2199 770 2284 accipe
792 2199 879 2283 cupri
903 2199 1090 2285 rubiginem,
1112 2200 1251 2288 itemque
1274 2201 1426 2287 pulverem

337 2302 400 2365 arsi
415 2301 513 2387 cupri,
536 2323 573 2366 ae
587 2302 637 2365 lac
657 2303 718 2365 hoc
734 2302 820 2388 quod
845 2301 929 2364 utilis
945 2323 995 2365 ars
1016 2301 1073 2365 tibi
1089 2302 1213 2388 quoerit.
1259 2302 1428 2388 Diligenter
1516 2352 1517 2383 ᾖ

338 2405 516 2489 rubiginem
531 2414 563 2469 et
575 2405 734 2490 pulverem
750 2404 837 2488 cupri
852 2426 924 2467 cum
941 2405 1021 2468 vitro
1042 2405 1126 2468 claro
1141 2414 1216 2484 tere,
1236 2415 1269 2468 et
1284 2404 1367 2469 facta
1380 2403 1427 2467 tali

338 2507 574 2586 commixtione,
601 2528 696 2570 eausa
719 2506 873 2591 probandi
896 2528 935 2569 ex
958 2528 995 2569 ea
1018 2528 1112 2592 super
1141 2515 1258 2571 testam
1280 2507 1375 2593 pinge
1394 2526 1426 2569 ac
1515 2568 1516 2585 2

339 2609 452 2672 deinde
477 2608 509 2671 in
534 2608 693 2672 fornacem
720 2609 815 2672 valde
839 2608 1001 2672 incensam
1028 2608 1115 2673 illam
1143 2631 1234 2694 pone.
1295 2608 1356 2674 Ast
1380 2608 1426 2673 ubi
1515 2588 1516 2603 ἵ

338 2712 461 2797 pictura
477 2710 573 2773 nimid
590 2711 693 2775 lucida
709 2721 865 2797 estsuper
889 2712 1021 2776 eandem
1044 2720 1159 2775 testam
1175 2712 1261 2776 illam
1275 2734 1295 2775 a
1312 2713 1427 2776 fornace

338 2814 460 2899 recipe:
492 2822 528 2875 ut
547 2823 653 2879 autem
686 2813 800 2900 frigida
830 2814 897 2891 erit,
931 2814 1069 2878 colorem
1092 2815 1270 2900 preciosum
1289 2816 1323 2878 in
1343 2835 1373 2877 ae
1387 2834 1427 2875 re·
1514 2856 1515 2861 κ

338 2916 441 3000 cipiet.
497 2914 569 2978 Hoc
591 2915 662 2979 ided
686 2915 780 2980 frater
797 2915 854 2979 tibi
875 2916 958 2995 dico,
981 2917 1055 3002 quia
1077 2917 1231 3003 quamdiu
1252 2927 1303 2982 eat
1325 2918 1426 2981 vitrum

338 3018 442 3080 calore
457 3017 618 3101 perlirsum
634 3039 698 3079 non
715 3017 876 3103 proprium
890 3018 948 3081 sibi
965 3018 1053 3083 dedit
1067 3021 1215 3085 colorem.

653 3291 1146 3308 —'”'————-—--—-—-—-

680 3496 910 3594 CAPUT
969 3496 1154 3597 cvl’

739 3739 784 3781 DE
807 3738 898 3782 Anno
922 3740 1037 3783 vulno,

341 3893 556 4046 ALBUM
585 3900 698 3964 vitrum
721 3902 745 3963 si
763 3902 877 3987 quaeris
897 3901 955 3963 tibi
976 3901 1079 3964 fucere
1100 3901 1140 3963 ad
1162 3902 1313 3987 pingendi
1335 3922 1423 3973 usum,

446 4000 618 4065 candidum
634 4004 854 4088 sulphureum
871 4004 952 4067 vitro
968 4004 1053 4067 claro
1068 4003 1233 4089 diligenter
1247 4014 1323 4068 tere.
1352 4002 1423 4065 Cum

339 4118 445 4173 autem
463 4105 494 4166 in
512 4104 671 4190 pulverem
695 4106 859 4169 redactum
876 4107 968 4170 fuerit
983 4128 1055 4169 cum
1071 4106 1231 4192 sulphure,
1252 4106 1328 4169 illud
1343 4124 1425 4189 super

336 4213 472 4298 spissam
505 4216 619 4271 testam
655 4229 748 4292 pone,
785 4230 823 4272 ac
858 4209 972 4272 deinde
1007 4207 1039 4271 in
1070 4210 1229 4273 fornacem
1265 4211 1354 4273 valde
1384 4208 1424 4267 in·

336 4336 466 4379 censam
483 4333 577 4397 pone.
624 4310 670 4374 Ut
699 4321 805 4374 autem
828 4311 861 4373 in
886 4312 990 4375 oalore
1012 4311 1093 4396 ignis
1115 4311 1362 4396 conglutinatum
1383 4316 1423 4370 est

534 4480 541 4508 ⁸
560 4484 575 4506 “
586 4479 689 4528 Eraclii'·
706 4483 859 4529 videturesse.
1148 4480 1158 4507 '
1174 4483 1242 4530 idern.
