3096 5168
692 520 878 564 susurrum
904 521 1006 565 LIBER
1030 522 1052 565 Ι.

600 806 829 903 CAPUT
887 806 1142 904 XXXIX.

672 1031 717 1072 DE
739 1029 867 1074 CEROSA
892 1030 933 1072 ΕΤ
957 1030 1071 1073 MINIO.

327 1172 584 1324 CEROSAM
602 1189 708 1244 antem
731 1182 962 1266 compositurus
978 1180 1028 1244 sac
1043 1181 1100 1245 tibi
1116 1182 1282 1266 plumbeas
1298 1183 1424 1247 tabulas

410 1282 575 1361 attenuari,
593 1293 625 1346 et
648 1305 843 1368 componens
869 1304 923 1346 eas
948 1282 1049 1346 siccas
1073 1282 1106 1346 in
1129 1304 1208 1346 cavo
1231 1284 1319 1369 ligno
1344 1286 1424 1349 sient

324 1409 465 1472 cupitum,
482 1408 577 1471 supra
591 1385 695 1448 inluso
711 1368 801 1449 acelo
817 1385 922 1448 calido
938 1384 1004 1447 sive
1019 1384 1256 1470 urimlcooperi.
1296 1387 1424 1452 Deinde

325 1499 397 1573 post
421 1509 561 1551 mensem
586 1488 672 1551 solve
702 1487 938 1572 cooperculum,
964 1495 995 1549 et
1022 1486 1172 1573 quicquid
1197 1488 1304 1551 album
1330 1490 1425 1553 fuerit

323 1592 476 1669 aufercnS,
493 1613 615 1653 rursum
633 1612 748 1674 repone
771 1588 852 1652 sicut
868 1589 962 1673 prius.
1009 1588 1156 1676 Cumque
1171 1590 1229 1653 tibi
1251 1590 1423 1668 suffecerit,

323 1703 355 1755 ct
371 1693 501 1755 minium
518 1692 590 1754 inde
614 1692 717 1755 lacere
733 1692 897 1777 placuerit,
913 1691 1059 1755 eamdem
1080 1714 1224 1756 carosam
1239 1702 1305 1757 tere
1328 1717 1424 1779 super

323 1795 458 1880 lapidem
483 1793 603 1880 absque
619 1816 713 1880 aqua,
729 1804 761 1856 et
785 1793 900 1858 deinde
925 1795 1053 1857 mittens
1076 1795 1109 1857 in
1132 1796 1211 1859 ollas
1226 1818 1328 1860 novas
1343 1798 1424 1861 duas

322 1900 370 1961 vel
387 1909 460 1975 treS,
477 1919 559 1981 pone
575 1918 670 1981 super
684 1896 840 1959 carbones
855 1897 1021 1976 ardentes;
1045 1896 1164 1961 habeas
1179 1907 1287 1962 autem
1304 1900 1423 1963 serrum

322 2000 438 2086 gracile
453 2021 594 2077 curvum,
611 2021 650 2062 ex
666 2021 729 2061 una
745 1999 848 2083 parte¹
866 2009 1011 2084 aptatum
1027 2011 1059 2062 et
1073 1999 1105 2062 in
1117 2002 1298 2065 summitate
1310 2004 1422 2080 latum,

322 2128 394 2169 cum
409 2127 473 2191 qno
490 2125 614 2168 movere
630 2123 667 2164 ac
690 2101 820 2164 miscere
836 2101 938 2187 ipsam
958 2124 1100 2166 ceresam
1122 2103 1282 2168 interdum
1297 2106 1421 2190 possis;

322 2217 417 2294 atque
432 2206 493 2270 hoc
508 2215 574 2271 tam
589 2205 644 2269 diu
660 2204 756 2268 saclas
771 2204 874 2268 donec
890 2204 1023 2268 minium
1039 2205 1171 2269 omnino
1187 2206 1321 2270 rubeum
1337 2208 1405 2272 liat.

661 2596 890 2694 CAPUT
952 2596 1055 2692 XL

744 2820 790 2861 DE
812 2818 990 2864 INCAUSTO·

322 2969 620 3121 INOAUSTUM
636 2971 730 3035 etiarn
746 2971 887 3035 facturus
902 2970 1004 3035 incide
1027 2972 1084 3038 tibi
1099 2974 1185 3057 ligna
1200 2970 1362 3056 spinarum
1385 2972 1418 3035 in

380 3073 491 3159 Aprili,
507 3073 540 3137 in
556 3073 657 3153 Maio,
682 3074 866 3160 priusquam
884 3074 1062 3158 producant
1084 3076 1179 3140 flores
1204 3086 1260 3138 aut
1283 3073 1369 3153 folia,
1386 3084 1419 3139 et

319 3198 519 3263 congregans
540 3175 614 3240 inde
631 3175 806 3254 fasciculos,
823 3176 890 3240 sine
912 3177 1020 3262 jacere
1034 3177 1067 3242 in
1089 3179 1202 3242 umbra
1216 3177 1297 3242 duas
1319 3176 1417 3262 septi-

319 3301 431 3343 manas
446 3288 502 3342 aut
517 3288 581 3341 tres
596 3287 651 3342 aut
665 3287 811 3365 quatuor,
827 3278 930 3341 donec
946 3279 1176 3366 aliquantulum
1206 3280 1416 3345 exsiccentur.

321 3381 447 3446 Deinde
462 3382 580 3446 habeas
596 3382 726 3445 malleos
738 3380 860 3466 ligneos
872 3402 944 3443 cnm
957 3380 1073 3466 quibus
1085 3405 1179 3468 super
1193 3382 1278 3445 aliud
1294 3383 1416 3468 lignum

319 3485 431 3549 durum
446 3483 624 3549 contundes
638 3483 723 3568 ipsas
739 3481 857 3568 spinas,
867 3482 970 3546 donec
982 3484 1130 3548 corticem
1142 3484 1272 3548 omnino
1287 3485 1415 3563 evellas,

317 3611 412 3675 quem
439 3587 547 3651 statim
574 3586 679 3648 mittes
703 3584 736 3647 in
759 3584 880 3647 dolium
906 3585 992 3670 aqud
1019 3587 1165 3672 plenum;
1189 3608 1325 3671 cumque
1350 3586 1416 3650 duo

318 3690 403 3754 dolia
425 3690 474 3753 vel
494 3689 554 3751 tria
569 3710 625 3751 seu
647 3695 783 3773 quatuor
797 3693 853 3749 aut
874 3685 1013 3774 quinque
1029 3689 1145 3752 cortice
1159 3700 1192 3752 et
1214 3689 1299 3775 aqud
1313 3689 1414 3774 reple·

318 3794 409 3872 veris,
425 3793 493 3856 sine
508 3792 553 3856 sic
568 3798 651 3854 stare
673 3810 728 3875 per
743 3796 816 3852 octo
831 3788 910 3866 dies,
925 3788 1028 3853 donec
1043 3796 1127 3877 aqua
1145 3813 1273 3855 omnem
1287 3792 1415 3856 corticis

317 3916 446 3959 succum
473 3896 506 3958 in
531 3916 566 3959 se
591 3892 764 3958 emordeat.
810 3890 902 3960 Post,
916 3891 985 3954 hoec
1012 3893 1102 3957 mitte
1116 3894 1219 3979 ipsam
1240 3915 1358 3981 aquam
1380 3895 1416 3958 in

317 3997 471 4061 cacabum
501 3995 756 4072 mundissimum,
778 3994 827 4057 rel
856 3993 889 4056 in
919 3993 1065 4075 lebetem,
1090 4005 1122 4060 et
1147 3997 1313 4081 supposito
1340 3996 1414 4083 igne

316 4121 436 4186 coque;
459 4099 617 4164 interdum
633 4098 728 4162 etiam
743 4096 879 4159 immitte
890 4095 931 4159 de
945 4093 1015 4181 ipso
1025 4096 1141 4161 cortice
1156 4098 1189 4160 in
1199 4099 1365 4177 cacabum,
1378 4108 1415 4162 ut

317 4202 342 4265 si
358 4202 433 4290 quid
449 4202 534 4267 succi
550 4202 582 4265 in
597 4223 636 4265 eo
660 4199 810 4264 remansit
824 4207 1030 4284 excoquatur.
1076 4198 1183 4275 Quam
1198 4222 1273 4266 cum
1287 4202 1414 4267 modice

315 4308 448 4386 coxeris,
463 4306 552 4392 ejice,
567 4305 726 4390 aliumque
748 4323 855 4366 rursus
870 4300 1014 4364 immitte.
1061 4301 1135 4378 Quo
1150 4303 1236 4368 facto
1253 4305 1410 4369 residuam

685 4471 691 4499 ¹
704 4474 719 4498 “
731 4469 815 4532 ligno,‘’
826 4472 860 4519 ric
873 4471 922 4519 0011
942 4472 1042 4533 (incipi,
