3144 5184
434 982 821 1077 Plttrluuns
882 976 1340 1076 THEOPHILI'.

461 1430 617 1499 Exstat
638 1456 700 1524 per
718 1449 833 1523 {lactes
852 1432 1034 1498 discuntur
1052 1429 1218 1521 quaelibet
1235 1437 1337 1497 artes.

485 1550 581 1615 Artis
600 1551 772 1639 pictorum
793 1549 885 1638 prior
903 1558 955 1616 est
975 1548 1110 1615 factura
1127 1546 1294 1614 colorum.

394 1665 476 1732 Post
494 1665 537 1733 ad
556 1666 728 1733 mixturas
748 1666 931 1731 commitat
950 1686 1048 1731 meus
1068 1674 1129 1730 tua
1147 1686 1255 1731 curas

391 1779 470 1847 lloe
489 1804 574 1870 opus
593 1804 727 1853 exerce,
747 1780 808 1847 sed
827 1781 871 1848 ad
890 1803 1045 1871 unguem
1064 1790 1172 1846 cunta
1189 1779 1346 1858 coherce,

391 1892 440 1961 Ut
460 1895 504 1961 sit
523 1895 729 1962 adornatum
749 1895 841 1983 quod
860 1895 1014 1984 pinxeris
1033 1903 1069 1961 et
1087 1893 1185 1983 quasi
1205 1902 1338 1960 natum.

391 2009 520 2079 Postea
538 2010 728 2078 multorum
748 2011 969 2078 documentis
988 2010 1208 2101 ingeniorum

391 2127 459 2196 Ars
478 2148 566 2218 opus
583 2127 737 2216 augebit,
758 2128 848 2195 sicut
868 2126 956 2193 liber
973 2127 1041 2194 iste
1059 2126 1209 2193 docebit.

367 2499 589 2591 Theophilus,
614 2497 754 2565 humilis
781 2498 976 2588 presbyter,
1003 2521 1121 2567 sersus
1140 2521 1319 2569 servorum
1345 2498 1419 2589 Dei,

317 2617 480 2705 indiguus
500 2614 640 2680 nomine
658 2622 695 2679 et
722 2614 1125 2703 prol'essiouomouaclri,
1143 2616 1306 2685 omuibus
1323 2638 1418 2684 meu·

316 2734 362 2799 tis
386 2729 555 2798 desidiam
580 2728 758 2817 animique
777 2731 997 2819 vagationem
1025 2730 1104 2799 utili
1132 2753 1300 2800 manuum
1319 2754 1420 2800 oecu-

316 2847 469 2937 patione,
489 2853 525 2912 et
551 2844 751 2913 delectabili
779 2847 976 2915 novitatum
995 2847 1225 2915 meditatione
1244 2847 1418 2916 declinare

317 2971 355 3030 et
373 2960 508 3030 calcare
522 2960 731 3042 volentibus,
749 2963 1020 3033 retributionem
1039 2963 1190 3032 coelestis
1208 2963 1360 3054 praemii!

369 3194 537 3286 Legimus
556 3195 589 3263 iu
610 3197 753 3265 exordio
766 3195 951 3264 mundanae
969 3198 1153 3267 creationis
1170 3198 1360 3281 bominem,
1376 3197 1418 3267 ad

317 3311 509 3403 imaginem
540 3321 576 3381 et
608 3312 874 3381 similitudinem
907 3311 976 3381 Dei
1006 3316 1187 3383 conditum
1214 3324 1251 3384 et
1278 3316 1420 3408 inspira·

317 3430 414 3499 tione
433 3429 540 3498 diviui
559 3427 719 3520 spiraculi
744 3429 948 3509 animatum,
967 3437 1145 3521 tantaque
1163 3431 1344 3524 diguitatis
1362 3455 1420 3501 ex-

317 3544 482 3614 cellentia
508 3546 642 3615 caeteris
669 3545 904 3613 animantibus
930 3555 1185 3637 praerogatum
1213 3559 1254 3615 ut
1277 3549 1419 3617 rationis

318 3683 429 3751 capax
456 3662 581 3729 divinae
607 3662 811 3753 prudentiae,
839 3659 973 3728 consilii
1000 3661 1201 3752 ingeniique
1226 3674 1420 3733 mereretur

318 3776 552 3865 participium,
573 3777 777 3867 arbitriique
803 3776 969 3845 libertate
995 3778 1145 3847 donatus
1171 3780 1276 3848 solius
1304 3780 1418 3849 condi·
1458 3818 1461 3823 ·

319 3890 404 3958 toris
421 3892 474 3958 sui
492 3893 684 3982 suspiceret
699 3892 918 3961 voluntatem
936 3902 973 3961 et
991 3904 1210 3964 revereretur
1224 3896 1418 3988 imperium.

319 4003 389 4085 Qui
415 4014 494 4074 astu
520 4006 691 4076 diabolico
721 4009 848 4077 misere
879 4009 1056 4100 deceptus,
1086 4010 1170 4079 licet
1200 4023 1345 4104 propter
1370 4015 1418 4084 in·

319 4121 529 4189 obedieutiae
547 4122 687 4214 eulpam
714 4124 935 4217 privilegium
963 4126 1238 4197 immortalitatis
1255 4130 1418 4210 amiserit,

319 4248 439 4309 tamen
457 4239 612 4307 scientiae
629 4248 667 4308 et
692 4239 935 4332 intelligentiae
956 4239 1168 4332 dignitatem
1184 4241 1272 4310 adeo
1290 4244 1323 4310 iu
1344 4266 1420 4335 pos·

359 4407 368 4440 ¹
390 4407 521 4467 Presatio
537 4408 602 4467 libri
625 4408 710 4484 primi
734 4428 791 4464 nou
813 4420 895 4465 extat
915 4410 944 4467 iu
960 4409 1168 4489 blanuscripto
1184 4411 1327 4471 Harleio:
1350 4434 1419 4491 sup·

319 4504 463 4580 plevimus
479 4524 517 4562 ex
533 4504 607 4562 Cod.
623 4504 897 4582 Guelpherbytano.
