3018 5170
349 503 412 564 352
672 521 861 566 rosnarum
886 522 988 566 amaa
1012 523 1063 566 ιιι.

350 696 443 758 super
472 694 591 757 organa
622 673 799 760 deponitur.
855 674 962 739 Habet
993 697 1122 762 quoque
1153 674 1221 760 ipsa
1251 672 1430 739 domuncula
1483 676 1484 683 ’

350 776 478 861 pinnam
493 798 531 839 ex
548 777 661 840 eodem
683 799 800 862 panno,
823 778 916 864 lignis
937 790 1073 864 quatuor
1088 779 1120 841 in
1136 776 1273 864 speciem
1297 775 1430 860 trianguli

349 890 521 957 extensam,
544 879 577 942 in
596 880 685 965 cujus
708 882 851 945 summo'
875 883 998 966 sperula
1012 881 1118 968 lignea
1133 891 1205 960 stet,
1226 881 1279 944 cui
1291 879 1431 943 lirniodus
1483 924 1484 927 ,

349 983 488 1047 inhaeret.
512 981 538 1046 F
540 983 616 1046 olles
626 992 657 1046 et
668 982 908 1047 instrumentum
918 1005 1013 1070 super
1026 985 1112 1072 quod
1120 985 1260 1071 jaceant,
1272 982 1430 1046 secundum
1483 1016 1484 1069 3

349 1086 443 1149 situm
460 1085 520 1150 loci
535 1085 574 1148 ad
590 1084 695 1149 libitos
710 1095 782 1149 tuos
796 1086 939 1172 dispone.
1483 1072 1484 1109 ³

653 1378 814 1387 -——-
833 1382 1108 1390 —-.-—-.—-—-——-
1116 1381 1135 1387 .-

600 1595 838 1692 CAPUT
897 1596 1189 1693 LXXXIV.

517 1823 561 1863 DE
586 1821 681 1865 DOMO
705 1819 837 1864 CUPRBA
864 1820 904 1862 BT
927 1820 1162 1863 consternato
1187 1821 1280 1863 EJUS.

351 1970 646 2125 SECUNDUM
669 1957 895 2034 abundantiam
921 1971 1094 2033 fistularum
1115 1970 1247 2055 dispone
1277 1971 1427 2057 longitudi-

432 2098 504 2138 nem
520 2087 551 2138 et
566 2075 762 2137 latitudinem
788 2076 912 2153 domus,
928 2086 959 2137 et
981 2073 1031 2137 fac
1047 2077 1181 2137 formam
1197 2075 1229 2136 in
1248 2075 1361 2160 argilla
1374 2098 1426 2137 mu·

349 2189 464 2252 cerata,
494 2178 708 2264 siccatamque
740 2178 906 2263 diligenter
940 2177 1043 2241 incide
1076 2178 1269 2264 qudcunque
1300 2176 1425 2241 mensuri

350 2282 494 2356 volueris,
506 2292 538 2344 et
552 2281 676 2365 cooperi
693 2303 774 2359 cera,
785 2280 951 2367 diligenter
966 2282 1046 2344 inter
1061 2281 1140 2344 duas
1152 2282 1317 2367 aequaliter
1328 2282 1425 2366 spissus

350 2385 490 2448 hastulas
511 2406 584 2448 cum
609 2384 743 2447 rotundo
765 2384 853 2468 ligno
873 2386 1045 2448 attenuatis.
1093 2385 1217 2448 Deinde
1239 2385 1345 2448 incide
1359 2385 1425 2447 fora·

350 2490 435 2552 mina
458 2488 634 2571 linguarum
658 2486 773 2572 inipso
795 2508 876 2556 cera.
898 2496 930 2550 et
952 2488 1093 2551 foramen
1117 2488 1259 2567 inferiuS,
1286 2512 1340 2574 per
1354 2485 1424 2574 quod

350 2604 460 2654 ventus
490 2591 625 2654 introeat
633 2615 641 2668 3
672 2590 788 2653 additis
816 2589 990 2675 spiraculis,
1029 2613 1100 2653 cum
1132 2590 1288 2654 infimorio
1318 2586 1425 2674 cooperi

349 2692 459 2756 eisdem
482 2694 593 2777 argilla
616 2694 722 2770 semel,
752 2704 784 2757 et
805 2693 916 2756 iterum
940 2715 978 2756 ac
1001 2694 1101 2756 tertio.
1161 2691 1299 2778 Cunque
1328 2694 1426 2757 siccata

350 2797 442 2861 fuerit
457 2797 568 2874 forma,
591 2797 703 2859 eodem
724 2797 819 2859 modo
838 2797 933 2859 funde
955 2820 1019 2883 quo
1043 2819 1134 2883 supra
1156 2796 1292 2860 formam
1308 2791 1424 2861 turibuli.

350 2899 579 2964 (¹0nflatorium
595 2922 721 2986 quoquc
736 2899 886 2963 formabis
908 2900 940 2961 iu
955 2900 1065 2982 argilla
1089 2898 1334 2984 procedentibus
1349 2894 1424 2960 undi-

349 3026 410 3089 que
444 3004 571 3066 inferius
596 3003 680 3066 venti
703 3003 848 3078 aditibus,
878 3003 918 3066 ad
945 3002 1182 3065 similitudinem
1206 3001 1322 3066 radicis
1349 2996 1424 3062 unius

349 3106 479 3183 arboris,
492 3116 525 3168 et
541 3105 572 3168 in
585 3129 710 3169 summo
722 3107 752 3169 in
768 3128 862 3168 ouum
876 3105 1016 3169 foramen
1029 3107 1300 3170 convenientibus.
1345 3099 1422 3178 Quod

348 3231 420 3271 cum
438 3221 614 3272 mensurate
638 3209 826 3294 dispositum
842 3209 967 3273 cultello
983 3209 1140 3285 incideris,
1161 3210 1287 3293 cooperi
1304 3206 1383 3285 cerel,
1400 3217 1423 3265 el

350 3312 399 3375 fac
420 3311 501 3375 sicut
524 3334 627 3397 supra.
674 3311 819 3397 Cumque
842 3313 954 3375 domus
978 3310 1094 3373 fuderis
1117 3311 1293 3396 conjunges
1315 3306 1423 3372 interius

349 3416 510 3479 altitudine
526 3416 618 3478 unius
633 3413 721 3500 digiti
738 3437 757 3478 a
773 3416 881 3489 fundu,
898 3414 1039 3477 tabulam
1055 3436 1203 3499 cupream
1219 3415 1364 3477 ductilem
1378 3407 1422 3473 sub

349 3519 553 3582 foraminibus
576 3520 752 3605 linguarum
775 3518 944 3604 aequaliter,
968 3528 1002 3579 ut
1025 3539 1121 3600 supra
1143 3539 1213 3579 eam
1236 3518 1314 3603 ipsae
1328 3517 1421 3600 lingua

343 3624 482 3706 jaceant,
493 3623 535 3686 ita
547 3633 582 3685 ut
594 3622 716 3707 possint
726 3621 886 3706 aequaliter
895 3619 1023 3704 produci
1035 3632 1066 3681 et
1074 3619 1190 3696 induci,
1203 3620 1348 3706 illitisque
1361 3613 1421 3702 ipsit

349 3725 462 3796 linguis
492 3726 575 3788 tenui
600 3724 722 3811 argilld,
756 3724 909 3809 reliquum
933 3722 1047 3786 domus
1077 3724 1246 3808 perfundes
1273 3721 1420 3810 liquefacto

348 3826 487 3911 plumb0,
511 3850 565 3912 per
588 3829 704 3903 omnia,
721 3849 812 3912 super
833 3828 918 3911 ipsas
942 3827 1065 3909 linguas
1087 3827 1248 3912 usquead
1273 3841 1419 3889 summunt.

349 3927 423 4003 Quo
446 3930 541 4008 facta,
567 3932 673 4016 ejicies
696 3932 797 4017 ipsum
822 3931 987 4015 plumbum
1009 3929 1176 4015 diligenter·
1198 3926 1419 4015 designabisque

348 4032 502 4096 foramina
520 4034 695 4097 fistularum
712 4034 742 4096 in
759 4033 891 4119 linguis;
916 4032 1029 4096 deiude
1045 4033 1077 4094 in
1093 4033 1160 4117 ipso
1176 4032 1307 4118 plumbo
1321 4040 1351 4093 et
1362 4043 1417 4090 cum

347 4136 456 4221 gracili
479 4138 571 4216 ferro,
594 4138 642 4201 vel
666 4138 798 4216 terebro,
822 4136 995 4223 perforabis
1019 4135 1271 4222 diligentissime.
1316 4126 1418 4197 Deinde

347 4239 407 4303 sub
427 4239 543 4326 linguis
566 4250 729 4304 ventorum
749 4238 906 4304 aditibus²
929 4240 1037 4317 facies,
1061 4240 1192 4303 induces
1212 4240 1298 4325 ipsas
1317 4238 1417 4321 unguo

347 4344 486 4428 singulas
503 4343 534 4406 in
555 4344 618 4406 suis
634 4344 722 4422 locis,
745 4354 840 4429 atque
857 4365 988 4429 repones
1003 4344 1168 4430 plumbum
1184 4355 1304 4407 etcum
1325 4335 1416 4405 malleo

575 4505 581 4534 ¹
598 4504 720 4567 spherulal
1000 4503 1010 4531 ¹
1028 4505 1143 4553 “aditur''
1159 4508 1213 4553 imo.
