3166 5190
695 528 883 571 TIIEOPHILI
910 530 1012 571 LIBER
1037 529 1087 572 111.

692 798 1092 895 CAPUTIIL

701 1028 746 1068 DE
770 1028 924 1071 FORNACE
947 1028 1076 1073 OPERIS.

402 1179 528 1243 UXTA
553 1178 704 1264 parietem
727 1201 801 1242 vero
829 1201 926 1264 prope
954 1179 1124 1242 fenestram
1148 1179 1181 1241 in
1204 1179 1329 1243 sinistra
1351 1188 1434 1263 parte

424 1283 572 1360 sedentis,
596 1283 712 1367 figatur
735 1281 856 1367 lignum
880 1282 913 1344 in
939 1281 1083 1360 terram¹,
1110 1282 1275 1345 latitudine
1295 1282 1436 1347 duorum,

344 1386 545 1472 spissitudine
556 1406 635 1469 pene
645 1384 778 1446 duorum
789 1384 975 1470 digitorum,
985 1386 1071 1471 quod
1081 1408 1155 1449 cum
1164 1387 1294 1449 firmiter
1310 1385 1438 1457 steterit,

343 1489 461 1551 habeat
486 1488 629 1550 foramen
654 1486 863 1571 grossitudine
890 1490 983 1550 unius
1009 1487 1099 1572 digiti
1121 1487 1154 1550 in
1181 1488 1297 1563 medi0,
1313 1510 1333 1551 a
1356 1498 1437 1550 terra

343 1591 510 1653 altitudine
536 1597 671 1674 quatuor
697 1589 877 1674 digitorum.
924 1590 1052 1653 Habeat
1077 1613 1205 1677 quoque
1231 1590 1262 1652 in
1287 1591 1440 1653 anteriore

343 1703 432 1778 parte
444 1694 565 1773 lignum
577 1692 719 1754 strictum
732 1691 790 1753 sibi
803 1692 1017 1776 conjunctum,
1029 1705 1060 1753 et
1069 1692 1168 1754 claris
1177 1691 1289 1775 ligneis
1299 1690 1441 1768 affixum,

345 1797 510 1860 latitudine
526 1805 661 1881 quatuor
683 1795 866 1879 digitorum,
882 1796 972 1881 cujus
987 1794 1153 1880 longitudo
1175 1805 1316 1880 sequetur
1330 1794 1443 1879 majori

344 1900 440 1983 ligno.
487 1897 571 1960 Ante
593 1899 679 1983 quod
696 1897 835 1960 stabilies
855 1898 940 1960 aliud
956 1898 1077 1983 lignum
1099 1919 1198 1983 aequae
1214 1896 1388 1959 latitudinis
1410 1905 1442 1958 et

346 2000 562 2083 longitudinis,
572 2000 617 2062 ita
626 2009 661 2062 ut
676 2000 832 2063 interhaec
842 2001 906 2063 duo
918 2000 1004 2085 ligna
1014 1999 1054 2062 sit
1063 1998 1238 2084 amplitudo
1252 2008 1442 2084 quatuorum

345 2102 526 2187 digitomm,
542 2112 574 2165 et
597 2103 692 2187 affige
709 2102 783 2165 illud
808 2103 946 2165 exterius
962 2101 1087 2165 duobus
1111 2111 1167 2164 aut
1188 2100 1287 2164 tn'bus
1308 2099 1442 2185 paxillis,

347 2215 379 2268 et
393 2203 527 2288 accepta
540 2203 653 2288 argilld
675 2224 740 2266 non
756 2204 916 2268 macerata
930 2226 989 2268 nec
1012 2203 1096 2291 aqud
1119 2204 1229 2281 mixta,
1245 2202 1302 2265 sed
1323 2202 1444 2263 noviter
1564 2200 1565 2209 ’

349 2305 476 2383 effossa,
493 2305 581 2369 mitte
604 2305 636 2368 in
659 2306 735 2369 illud
757 2307 895 2391 spatium
922 2306 954 2369 in
976 2308 1085 2393 primis
1108 2307 1280 2384 modicum,
1304 2315 1335 2367 et
1356 2325 1444 2367 com·
1564 2376 1565 2393 ,

346 2408 442 2494 pinge
465 2430 537 2471 cum
561 2408 648 2494 ligno
663 2409 801 2473 rotundo
825 2409 954 2488 fortiter,
970 2410 1087 2473 deinde
1109 2407 1255 2492 amplius,
1278 2406 1444 2471 etiterum

346 2524 484 2599 percute,
501 2514 608 2598 sicque
624 2513 723 2576 facies
738 2512 841 2576 donec
857 2513 928 2576 duae
943 2523 1049 2598 partes
1070 2512 1168 2598 ipsius
1184 2510 1278 2597 spatii
1292 2511 1446 2594 impleau·

347 2627 408 2694 tur,
424 2624 456 2679 et
470 2616 594 2678 tertiam
615 2615 737 2679 dimitte
752 2637 896 2679 vacuam.
940 2614 1031 2680 'l'unc
1047 2616 1137 2679 aufer
1151 2614 1291 2679 anterius
1315 2614 1445 2699 lignum,
1564 2628 1565 2651 ³

346 2727 379 2781 et
394 2740 464 2781 curn
476 2719 603 2781 cultello
618 2719 716 2804 longo
726 2718 830 2783 incide
845 2718 989 2803 argillam
1001 2718 1163 2805 aqualiter
1178 2726 1251 2780 ante
1266 2726 1299 2779 et
1310 2738 1444 2791 sursum,

349 2819 464 2883 deinde
480 2842 552 2883 cum
576 2821 684 2907 gracili
707 2821 795 2906 ligno
817 2831 945 2905 percute
966 2821 1097 2886 fortiter.
1143 2820 1226 2884 Post
1247 2819 1318 2882 haec
1340 2818 1447 2904 accipe
1564 2872 1565 2877 ,

348 2922 492 3009 argillam
516 2931 710 2986 maceratam
736 2932 769 2986 et
789 2924 865 2987 fimo
890 2923 963 3009 equi
987 2924 1130 3003 mixtam,
1146 2932 1179 2987 et
1201 2944 1359 3008 compone
1382 2921 1445 2985 for-

349 3048 461 3090 nacem
476 3035 508 3090 et
522 3026 620 3088 larem
635 3025 714 3110 ejus,
728 3033 840 3110 tegens
862 3026 1024 3110 parietem,
1041 3048 1081 3090 ne
1096 3035 1204 3089 uratur
1219 3025 1304 3109 igne,
1320 3033 1351 3087 et
1372 3046 1444 3087 curn

350 3128 458 3214 gracili
474 3128 561 3214 ligno
583 3127 709 3213 persora
725 3127 867 3213 argillam
889 3138 977 3191 trans
992 3129 1134 3192 foramen
1149 3126 1236 3214 quod
1252 3136 1301 3190 est
1317 3125 1445 3189 retroiri
1564 3116 1565 3119 ¹

346 3229 444 3315 ligno.
490 3229 562 3294 Hoc
578 3230 675 3294 modo
691 3252 848 3316 compone
863 3251 974 3293 omnes
989 3230 1133 3293 fornaces
1149 3228 1287 3292 fabriles.

703 3712 936 3818 CAPUT
997 3724 1083 3820 lu

755 3946 802 3987 DE
826 3945 1004 3990 FOLLIBUS.

442 4088 1445 4183 ummmnmmnmmwmmamm
1564 4080 1565 4107 ³

440 4196 626 4261 occiduntur
640 4189 762 4277 arietes,
778 4220 843 4262 non
858 4186 1036 4264 incidantur
1060 4201 1156 4286 pelles
1179 4200 1239 4265 sub
1254 4208 1372 4280 ventre,
1387 4199 1444 4263 sed

349 4301 382 4365 in
397 4297 622 4386 posterioribus
638 4301 829 4386 aperiantur,
845 4311 877 4365 et
891 4302 936 4365 ita
949 4311 1132 4367 aversentur
1146 4310 1182 4367 ut
1196 4301 1326 4390 integrae
1340 4311 1444 4366 extra-

579 4469 585 4497 ¹
604 4473 620 4497 “
630 4470 775 4532 longitudine
786 4472 856 4521 trium
867 4472 973 4535 pedun.’'
1005 4475 1046 4522 Ex
1056 4474 1112 4524 MS.
1126 4474 1224 4536 eulpa
