3090 5174
691 529 883 575 rusorum
908 530 1013 577 unna
1036 533 1089 574 111.

671 782 902 880 CAPUT
962 785 1142 880 CXL*

484 998 528 1040 DE
550 998 662 1044 CUPRO
685 1002 802 1045 Faunis
826 1004 1045 1047 PINGUEDINE
1070 999 1297 1047 DEAURANDO.

340 1143 449 1308 EX
467 1145 546 1209 fellis
561 1146 752 1232 pinguedine
773 1149 800 1213 si
816 1172 950 1235 cuprum
964 1151 1078 1237 quaeris
1094 1150 1246 1214 deaurare
1260 1147 1336 1211 illud
1351 1144 1430 1231 prius

458 1250 584 1311 cultello
600 1250 685 1329 rade,
701 1273 738 1314 ac
761 1252 876 1315 deinde
898 1275 970 1315 cum
993 1253 1101 1315 ursino
1117 1250 1212 1315 dente
1228 1250 1343 1315 festina
1357 1247 1429 1311 luei-

338 1348 416 1410 dum
432 1349 550 1429 laccre;
575 1364 607 1414 et
622 1353 683 1416 hoc
706 1354 802 1432 facto,
820 1355 901 1418 sellis
924 1355 1148 1441 pinguedinem
1164 1375 1259 1439 super
1273 1352 1349 1416 illud
1364 1373 1430 1414 eum

340 1450 475 1535 pincello
490 1451 591 1516 facete
613 1455 713 1534 trahe,
737 1478 874 1542 cumque
896 1457 1016 1519 siccata
1038 1456 1131 1519 fuerit
1145 1455 1259 1519 itemm
1274 1464 1368 1540 atque
1382 1454 1433 1515 ite·

341 1575 410 1616 rum
433 1555 532 1632 trahe,
551 1580 645 1641 super
660 1559 742 1621 hanc
761 1560 896 1622 eandem
916 1558 1152 1645 pinguedinem,
1175 1568 1206 1622 et
1221 1579 1299 1621 cave
1315 1579 1354 1621 ne
1368 1557 1431 1640 plus

339 1656 445 1719 trahas
469 1659 636 1742 pincellum
661 1661 694 1722 in
718 1683 816 1724 unum
841 1662 947 1724 locum
972 1684 1070 1749 quam
1095 1662 1128 1724 in
1152 1661 1296 1739 alterum,
1320 1659 1374 1723 sed
1397 1658 1433 1721 sit

340 1762 501 1847 aequaliter
523 1762 602 1824 fellis
625 1764 746 1849 liquore
768 1776 964 1849 coopertum.
1011 1765 1063 1828 Ne
1085 1765 1142 1828 tibi
1158 1765 1304 1828 videatur
1325 1763 1431 1827 fulsum

341 1864 428 1948 quod
448 1864 530 1941 dico,
553 1864 607 1950 qui
626 1864 708 1929 hanc
724 1875 825 1931 artem
841 1890 950 1933 veram
964 1889 1037 1932 esse
1052 1867 1194 1954 probari,
1214 1877 1312 1952 atque
1330 1862 1434 1931 auxili-

340 1976 415 2029 ante
429 1966 501 2045 dec,
516 1966 571 2052 qui
586 1966 658 2031 fons
673 1979 721 2030 est
736 1969 912 2055 sapientiae,
928 1971 1118 2056 excogitavi.

630 2212 1143 2221 ——wm—--a—

562 2399 608 2440 DE
630 2397 913 2441 TEMPERAMENTO
936 2398 1068 2443 VESICAE
1090 2399 1214 2444 nscmr.

425 2545 597 2610 ESICAM
629 2547 760 2611 busonis
789 2546 941 2610 mollifica
962 2546 995 2609 in
1018 2567 1103 2633 aqua
1132 2547 1234 2611 donec
1264 2569 1337 2612 eam
1362 2547 1436 2612 inter
1527 2540 1528 2609 J

446 2671 559 2715 manus
583 2649 750 2734 pinsendo,
771 2671 811 2714 111
838 2670 876 2712 es
902 2649 1002 2713 facies
1027 2649 1119 2735 quasi
1140 2659 1293 2729 cerotum,
1309 2659 1343 2715 et
1367 2660 1436 2714 tune
1527 2716 1528 2727 ,

342 2755 431 2816 mitte
443 2774 513 2815 eam
529 2752 562 2815 in
573 2752 668 2815 ollam
683 2752 716 2815 in
730 2750 985 2837 limpidissimam
997 2772 1125 2837 equam,
1137 2760 1169 2815 et
1182 2773 1267 2836 pone
1278 2753 1322 2817 ed
1337 2753 1436 2817 focum
1526 2754 1528 2831 l

342 2867 377 2921 ut
392 2880 457 2922 non
471 2857 583 2923 bulliat
591 2882 600 2937 3
624 2857 681 2922 sed
696 2866 823 2923 tantum
844 2856 987 2923 calorem
999 2855 1119 2925 habeat
1132 2867 1168 2923 ut
1181 2856 1395 2944 liquefactam,
1408 2856 1438 2919 in

342 2981 459 3046 aquam
486 2968 696 3023 convertetur.
739 2959 824 3022 Dein
851 2959 923 3022 cole
946 2979 1018 3022 eum
1043 2980 1100 3043 per
1121 2958 1275 3023 mundum
1300 2979 1438 3045 pennum
1527 2954 1528 2963 ¹

342 3062 374 3124 in
391 3061 517 3147 pelvim,
539 3070 572 3124 et
586 3061 655 3123 sine
677 3061 763 3147 quod
778 3061 812 3124 in
827 3060 944 3146 frigido
965 3059 1037 3123 loco
1052 3060 1093 3123 ad
1110 3068 1240 3123 ventum
1261 3062 1396 3125 accedat
1407 3068 1440 3123 ut

343 3163 434 3250 quasi
456 3164 611 3247 coagulet.
658 3161 742 3224 Cum
764 3162 899 3248 digitum
930 3182 1025 3246 super
1050 3183 1172 3247 ponens
1193 3164 1388 3248 inpresseris,
1415 3163 1439 3227 si
1527 3138 1528 3167 ³

343 3266 447 3330 viscus
462 3266 578 3329 resistit
593 3272 625 3328 et
640 3264 681 3327 ab
697 3263 749 3326 1111
764 3263 972 3350 impressione
987 3284 1052 3327 non
1066 3264 1232 3350 frangitur,
1250 3266 1389 3352 liquefac
1402 3266 1440 3330 ad

342 3372 460 3457 ignem,
482 3380 513 3434 et
528 3369 625 3433 lirnde
641 3389 733 3452 super
748 3388 860 3429 eurum
876 3374 908 3428 et
922 3385 1051 3449 operere
1066 3362 1099 3427 in
1113 3372 1207 3453 stupa
1221 3366 1318 3430 rumis
1332 3366 1439 3431 calida.

344 3475 378 3539 si
394 3483 501 3538 autem
517 3472 621 3537 viscus
637 3470 731 3533 nimis
746 3476 923 3531 crassescat
939 3466 1072 3529 admitte
1089 3487 1200 3551 pamm
1216 3488 1309 3553 aquae
1323 3478 1357 3532 et
1370 3489 1440 3554 ope·

344 3600 422 3642 rare.
468 3577 501 3641 Si
517 3586 623 3642 autem
638 3585 703 3637 tam
726 3571 829 3635 mollis
845 3570 886 3633 sit
900 3570 988 3656 quod
1002 3590 1068 3632 non
1083 3570 1184 3654 possit
1205 3570 1441 3656 impressionem
1527 3616 1528 3623 ,

220 3710 224 3715 ·
344 3680 434 3765 digiti
449 3687 635 3756 sustentare,
645 3696 745 3762 coque
766 3673 881 3737 melius
895 3672 936 3735 ad
953 3671 1059 3757 ignem
1074 3671 1166 3736 facile
1181 3673 1298 3757 poteris
1313 3684 1346 3737 et
1360 3674 1440 3737 hunc

344 3782 466 3845 viseum
486 3781 607 3843 mollire
622 3780 749 3842 firmum
764 3776 878 3839 facere.
925 3773 1100 3860 Nunquam
1115 3774 1236 3858 gummi
1251 3775 1353 3839 addas
1368 3795 1439 3839 auro

344 3883 393 3946 rel
409 3881 479 3944 eliis
501 3880 657 3944 metallis:
682 3879 767 3942 Nam
791 3876 853 3941 cito
870 3876 964 3939 cadet
978 3876 1141 3962 quidquid,
1164 3875 1197 3938 id
1211 3877 1328 3962 gravis,
1350 3901 1390 3943 ex
1404 3898 1439 3941 1ο

344 3983 534 4071 glutinatum
549 3981 616 4059 erit,
639 3979 781 4065 exceptis
796 3978 964 4055 coloribus,
987 3977 1041 4063 qui
1056 3976 1152 4041 etism
1168 4000 1232 4042 non
1247 3981 1439 4065 perstabunt,

345 4086 404 4150 nisi
420 4083 538 4170 optime
553 4089 755 4151 conterantur
769 4089 801 4143 et
816 4078 999 4143 tenuissime
1015 4078 1102 4142 libris
1117 4078 1297 4145 illiniantur.
