3018 5170
328 532 391 595 294
679 551 872 597 rnaoearnr
897 551 1003 597 ursan
1025 553 1077 597 111.

327 701 421 763 breve
442 710 474 763 et
496 723 637 779 curvum,
660 703 725 766 sive
750 703 881 788 lignum,
905 727 977 768 cum
1002 727 1067 789 quo
1090 704 1191 789 possit
1212 704 1408 769 circumverti.

329 802 455 865 Deinde
484 803 618 868 habebis
648 805 727 868 duas
758 807 963 870 columnellas
992 805 1114 891 ligneas
1140 827 1233 891 snper
1257 827 1411 869 scamnum

327 905 408 967 fixas
420 911 453 967 et
464 904 504 967 ab
514 905 648 970 invicem
662 907 822 992 sejunctas
832 909 1006 973 secundum
1017 907 1245 994 longitudinem
1257 906 1336 983 ferri,
1345 929 1412 991 qua

327 1006 459 1091 singulte
481 1006 622 1070 habeant
643 1008 676 1071 in
698 1010 848 1074 anteriori
872 1020 961 1096 parte
987 1010 1129 1096 singulos
1154 1010 1260 1074 clavos
1283 1008 1413 1074 similiter

327 1106 459 1192 ligneos,
475 1107 514 1172 ad
532 1131 713 1174 mensuram
735 1112 831 1196 palmi
854 1113 980 1199 longos,
996 1121 1029 1177 et
1045 1112 1087 1177 ad
1102 1112 1333 1177 similitudinem
1347 1131 1414 1196 gra-

327 1208 387 1272 dus
409 1210 542 1290 incisos;
566 1233 660 1296 super
681 1234 762 1297 quos
786 1223 921 1298 ponatur
940 1215 1063 1300 lignum
1086 1215 1170 1279 aliud
1186 1211 1414 1290 rotundom,its

328 1322 363 1375 ut
376 1314 476 1398 possit
497 1314 626 1398 propius
648 1326 680 1378 et
701 1314 827 1397 longius
849 1315 1012 1393 removeri,
1032 1336 1127 1401 super
1149 1314 1235 1399 quod
1250 1310 1415 1398 requiescat
1506 1370 1507 1377 ,

327 1436 440 1478 manus
455 1415 621 1480 tornantis.
659 1414 720 1479 His
734 1416 779 1479 its
794 1416 979 1502 compositis
994 1416 1075 1480 inter
1090 1416 1174 1501 ipsas
1188 1414 1268 1479 duas
1283 1414 1414 1496 colump-

326 1518 426 1580 nellas
441 1539 524 1604 pone
546 1517 663 1581 ferrum
679 1518 835 1596 tornatile,
859 1518 944 1605 quod
960 1517 1091 1581 nucleos
1105 1515 1255 1595 continet,
1270 1524 1302 1580 et
1316 1534 1412 1579 coram

326 1628 357 1681 te
372 1617 413 1682 ad
429 1620 541 1683 laevam
556 1639 688 1684 manum
712 1620 843 1684 sedente
861 1618 1015 1705 adjutore,
1032 1617 1086 1705 qui
1102 1618 1321 1682 circumvertat
1334 1614 1413 1693 illud,

325 1720 467 1786 tornabis
493 1721 582 1786 ferris
605 1721 706 1787 acutis
732 1732 765 1785 et
791 1720 954 1785 latioribus
977 1741 1017 1783 ex
1040 1717 1126 1783 omni
1150 1726 1238 1803 parte
1259 1737 1357 1803 usque
1375 1713 1412 1779 ad

325 1824 547 1909 equalitatem,
563 1824 673 1912 sicque
696 1823 848 1888 formabis
869 1822 999 1887 nucleos
1014 1821 1087 1885 illos
1102 1828 1138 1883 ut
1152 1817 1213 1883 sibi
1229 1819 1413 1904 conjungan-

325 1932 376 1986 tur
400 1924 513 2011 aequali
541 1924 707 1989 latitudine
733 1933 766 1989 et
795 1924 998 2010 spissitudine
1027 1923 1061 1986 in
1091 1922 1206 1986 medio.
1253 1919 1411 1986 lntercides

325 2046 399 2089 vero
420 2025 600 2090 inferiorem
622 2035 745 2112 partem
768 2047 788 2089 a
810 2025 979 2089 medietate
1000 2024 1140 2102 inferius,
1162 2023 1217 2102 its,
1240 2032 1277 2087 ut
1291 2019 1411 2087 latitudo

325 2127 466 2212 superior
478 2126 602 2191 duabus
621 2126 776 2192 mensuris
798 2127 976 2192 inferiorem
997 2134 1134 2213 superet,
1148 2125 1181 2189 in
1196 2147 1261 2212 qua
1275 2121 1410 2190 formabis

325 2239 358 2292 et
381 2229 505 2313 pedem.
552 2228 676 2293 Etdem
705 2251 833 2316 quoque
864 2230 1013 2295 mensura
1038 2229 1207 2293 intercidas
1232 2228 1409 2313 superiorem

324 2340 457 2417 partem,
480 2334 571 2418 cujus
592 2341 701 2395 tamen
725 2330 858 2395 altitudo
880 2341 970 2396 tanta
992 2333 1060 2412 erit,
1082 2338 1119 2395 ut
1141 2329 1357 2395 intercidatur¹
1375 2328 1408 2392 ad

325 2433 559 2499 similitudinem
574 2434 672 2521 lignei
694 2434 899 2518 campanarii,
919 2434 964 2499 ita
986 2443 1022 2499 ut
1044 2433 1193 2521 quaelibet
1207 2432 1343 2499 incisura
1353 2452 1408 2496 sur·
1491 2474 1492 2477 =

326 2558 396 2599 sum
419 2537 522 2622 magis
544 2535 670 2624 gracilis
693 2536 742 2600 sit.
789 2534 850 2599 His
868 2536 914 2600 ita
933 2536 1066 2602 tornatis
1081 2537 1148 2602 eice
1163 2536 1292 2615 sermm,
1306 2542 1407 2599 etcum

322 2636 450 2702 cultello
465 2638 568 2723 incide
582 2640 615 2703 in
630 2638 735 2702 latiori
750 2637 848 2702 limbo
864 2639 1033 2725 superioris
1053 2639 1154 2704 nuclei
1170 2647 1307 2726 quatuor
1321 2655 1406 2719 angu-
1483 2624 1507 2723 ᾗ

324 2741 371 2804 los
386 2763 485 2827 usque
508 2741 549 2805 ad
572 2741 752 2821 incisuram,
775 2762 848 2827 qum
871 2741 900 2804 ei
922 2739 1067 2826 proxima
1089 2748 1148 2820 est,
1163 2741 1210 2803 ita
1227 2739 1309 2803 utin
1322 2733 1405 2801 crucis
1500 2828 1503 2831 ι

326 2844 456 2907 modum
472 2845 633 2922 formetur,
649 2854 681 2909 et
696 2842 945 2929 unumquodque
956 2863 1055 2905 cornu
1070 2842 1208 2928 {equales
1224 2840 1340 2904 habeat
1351 2834 1406 2899 lsti-

324 2945 449 3009 tudines
471 2946 503 3008 in
525 2945 708 3031 parietibus,
731 2943 788 3008 sed
816 2943 981 3007 altitudine
1007 2942 1168 3007 contineat
1190 2960 1363 3006 mensuram
1381 2943 1406 2998 et
1482 2984 1503 3033 ,¹

326 3046 489 3110 dimidiam
512 3046 704 3124 latitudinis3
731 3047 764 3109 in
787 3067 852 3133 qua
874 3044 970 3108 etiam
992 3043 1162 3130 pinnacula
1184 3041 1228 3106 ad
1250 3035 1404 3105 similitudi·
1500 3132 1502 3137 ι

325 3169 399 3211 nem
428 3155 585 3211 tectorum
615 3146 778 3211 formabis.
826 3145 938 3210 Facies
967 3167 1095 3232 quoque
1121 3145 1153 3207 in
1181 3144 1324 3230 proxima
1345 3135 1405 3203 turri
1505 3134 1506 3141 ἵ

326 3259 399 3315 octo
414 3258 530 3329 costas,
545 3255 682 3336 quatuor
695 3248 834 3326 latiores,
850 3259 883 3312 et
896 3257 1036 3335 quatuor
1050 3245 1222 3311 strictiores
1236 3266 1315 3332 quas
1329 3241 1403 3307 etiam
1504 3322 1506 3329 Α

327 3354 480 3419 rotundas
496 3351 604 3428 facies,
620 3349 664 3413 its
686 3360 721 3413 ut
743 3350 852 3436 anguli
873 3350 1021 3414 latiorum
1039 3349 1250 3434 promineant,
1266 3340 1403 3412 etstricti·

326 3480 417 3523 orum
442 3455 510 3522 cavi
536 3454 609 3531 sint,
635 3463 671 3516 ut
698 3452 744 3516 sic
773 3452 951 3516 rotunditas
977 3458 1148 3537 appareat,
1176 3450 1212 3512 in
1242 3440 1403 3537 quibusad
1483 3436 1503 3545 ²1

326 3578 507 3623 mensuram
529 3563 612 3618 tecta
634 3552 854 3617 convenientia
872 3552 1034 3617 formabis.
1079 3551 1211 3615 Turrem
1226 3574 1300 3617 vero
1314 3543 1404 3635 penul·
1501 3638 1505 3645 Ὺ

327 3661 437 3724 timam
453 3658 566 3722 eodem
586 3654 683 3719 modo
704 3653 867 3733 formabis,
883 3655 965 3719 sicut
987 3665 1094 3719 tsmen
1111 3664 1148 3717 ut
1170 3653 1313 3718 rotundae
1326 3652 1404 3713 coste
1501 3726 1505 3745 4

327 3781 422 3845 super
436 3756 591 3821 inferioris
611 3755 692 3819 latas
716 3754 900 3836 formentur,
922 3766 955 3822 et
968 3756 1122 3823 inferioris
1138 3754 1283 3820 rotunda
1296 3749 1348 3816 sub
1361 3765 1403 3855 su·
1504 3812 1505 3843 ,

327 3860 484 3946 periorum
513 3858 586 3921 latis
612 3866 771 3942 aptentur.
823 3857 972 3945 Superior
999 3881 1073 3923 vero
1103 3858 1198 3922 turris
1228 3865 1298 3921 octo
1325 3854 1403 3915 count
1499 3909 1505 3943 X,

326 3960 488 4049 {equaliter
509 3958 580 4023 latis
602 3967 635 4022 et
656 3958 778 4044 absque
800 3960 892 4024 tectis
908 3961 1071 4025 formetur.
1117 3958 1197 4024 Haec
1213 3960 1272 4024 erit
1285 3947 1404 4039 superl⁰r
1500 4006 1504 4043 :-

325 4086 399 4152 pars
415 4062 551 4127 turibuli.

622 4239 629 4272 ¹
647 4243 662 4267 “
672 4249 707 4288 ter
715 4240 727 4259 ’¹
739 4241 768 4289 ia
780 4242 838 4290 Cod-
852 4242 951 4305 Gsslpb.
962 4242 1132 4305 interponitur.
