3166 5190
663 533 853 576 rusorum
877 532 981 575 urm
1004 533 1057 576 111.

668 779 899 873 CAPUT
959 778 1048 874 XI.

671 1014 717 1055 DE
740 1014 860 1056 FERIIIS
883 1015 1063 1058 russorum.

402 1162 513 1227 lUNT
537 1184 663 1249 quoquc
687 1162 758 1225 ferri
785 1161 908 1225 fossorii
938 1162 980 1224 ad
1010 1161 1192 1225 fodiendum
1217 1161 1283 1225 hoc
1312 1159 1412 1222 modo.

423 1266 473 1329 Fit
489 1266 603 1329 lenum
625 1285 665 1328 ex
686 1264 786 1327 calibe
807 1286 897 1349 puro,
915 1263 1111 1349 longitudine
1125 1263 1256 1349 majoris
1271 1262 1370 1346 digiti,
1384 1272 1414 1323 et

323 1392 468 1455 grossum
490 1380 525 1431 ut
549 1369 679 1446 festuca,
702 1367 733 1428 in
754 1366 858 1430 medio
873 1388 947 1429 vero
966 1366 1116 1451 grossius,
1130 1374 1162 1430 et
1176 1375 1225 1428 est
1241 1364 1411 1452 quadrum3

325 1496 385 1536 una
401 1472 502 1535 cauda
518 1471 643 1556 ponitur
657 1470 690 1531 in
705 1468 915 1547 manubrium,
931 1478 962 1530 et
982 1469 1081 1533 altera
1097 1468 1279 1532 summitate
1293 1467 1415 1529 limatur

324 1596 387 1636 uua
402 1586 500 1650 costa,
516 1595 586 1659 quae
600 1583 649 1635 est
669 1571 819 1657 superior,
840 1594 942 1657 usque
961 1572 1001 1633 ad
1017 1571 1207 1650 inferiorem,
1221 1571 1280 1633 sed
1296 1568 1415 1632 inferior

324 1689 372 1738 est
386 1676 518 1760 longior,
534 1697 605 1760 quae
628 1675 735 1736 limata
750 1673 875 1759 gracilis
895 1684 943 1736 est
960 1672 992 1734 in
1007 1673 1137 1759 cuspide
1146 1699 1155 1752 ;
1179 1672 1268 1758 quod
1284 1669 1414 1734 calidum

324 1789 515 1861 temperatur
529 1775 561 1837 in
576 1798 670 1861 aqua.
716 1776 766 1838 Ad
790 1775 872 1838 hanc
895 1776 1032 1862 speciem
1055 1778 1136 1838 fiunt
1157 1776 1263 1860 plures
1285 1772 1416 1857 majores

324 1892 355 1941 ct
373 1878 518 1940 minores.
566 1877 617 1941 Fit
638 1890 670 1941 et
692 1878 776 1941 aliud
800 1877 910 1941 similis
932 1878 1099 1964 quadrum,
1122 1877 1178 1940 sed
1201 1886 1252 1940 est
1272 1875 1365 1939 latius
1386 1883 1416 1936 et

324 1991 429 2056 tenue,
452 1980 542 2065 cujus
565 2002 700 2043 acumen
722 1980 763 2042 sit
784 1979 816 2042 in
839 1979 908 2064 ipsa
930 1979 1103 2059 latitudine,
1127 1978 1171 2042 ita
1186 1987 1223 2041 ut
1236 1978 1311 2041 duae
1325 1986 1417 2040 costae

325 2081 388 2143 sint
404 2081 547 2166 superius
562 2093 594 2145 et
609 2082 679 2145 duae
694 2081 823 2145 inferius
841 2082 1000 2167 longiores
1015 2092 1047 2144 ct
1061 2082 1207 2168 aequales.
1255 2079 1329 2144 Hoc
1343 2101 1416 2166 quo-

325 2185 499 2270 quemodo
516 2186 595 2247 fiunt
610 2186 712 2270 plures
728 2184 817 2268 parvi
840 2196 872 2246 et
894 2183 1012 2269 magni
1061 2181 1112 2245 Fit
1126 2183 1221 2246 etiam
1238 2183 1356 2246 sermm
1370 2200 1417 2241 ro·

325 2290 458 2351 tondum
474 2299 506 2351 et
521 2310 666 2374 grossum
682 2288 764 2351 slent
785 2288 917 2365 festuca,
939 2287 1028 2370 cujus
1051 2286 1155 2370 cuspis
1173 2284 1219 2349 ita
1233 2285 1371 2361 limatur,
1385 2288 1419 2342 ut

328 2400 456 2471 tractus,
473 2413 567 2477 quem
584 2389 670 2468 facit,
686 2390 728 2452 sit
741 2390 905 2453 rotundus.

618 2597 928 2607 —--——-·-.—.-.,
942 2599 1128 2607 ----—.——

666 2775 896 2873 CAPUT
952 2775 1079 2871 XII.

684 2988 729 3029 DE
752 2988 872 3030 snmus
895 2986 1061 3029 RASORIIS.

329 3130 516 3283 FIUNT
531 3135 625 3198 etiam
641 3135 713 3199 ferri
729 3135 837 3198 rasorii
849 3134 991 3220 graciles
1004 3133 1059 3196 sed
1071 3133 1105 3195 in
1116 3134 1179 3195 fine
1193 3131 1418 3217 aliquantidum

425 3234 561 3316 latioreS,
576 3260 640 3301 una
662 3248 751 3323 parte
772 3238 866 3316 acuti,
886 3236 974 3321 parvi
990 3247 1023 3299 et
1040 3235 1159 3321 magm,
1174 3257 1311 3321 quorum
1326 3233 1418 3320 aliqui

326 3340 408 3401 fiunt
433 3339 563 3418 recurvi,
592 3363 649 3425 pro
680 3341 769 3404 libitu
801 3339 974 3402 secundum
1005 3338 1136 3401 modum
1166 3335 1280 3423 operIs.
1326 3336 1419 3399 Fiunt

327 3440 422 3503 etiarn
449 3441 518 3504 ferri
547 3443 659 3506 eodem
684 3442 780 3507 modo
807 3441 943 3519 formati,
968 3441 1024 3505 sed
1048 3440 1152 3503 obtusi
1174 3438 1215 3505 ad
1237 3439 1418 3525 poliendum

328 3565 418 3627 opus.

618 3680 1137 3691 -—-—..-.--.-—--—-——-————-

639 3860 868 3959 CAPUT
924 3862 1087 3957 XIII.

540 4085 586 4126 DE
609 4085 729 4128 FERRIS
752 4084 799 4127 AD
823 4084 972 4127 DUCTILE
995 4085 1080 4128 OPUS
1102 4086 1210 4129 smus.

408 4231 517 4297 lUNT
547 4256 673 4320 quoquc
703 4234 776 4297 ferri
805 4233 846 4297 ad
883 4232 1104 4318 exprimendas
1137 4234 1301 4321 imagines,
1335 4257 1417 4312 aves,

426 4336 555 4414 bestias,
575 4336 641 4400 sive
662 4337 766 4417 flores,
783 4337 915 4401 ductiles
932 4336 965 4399 in
980 4357 1057 4400 auro
1073 4347 1106 4401 et
1119 4347 1250 4423 argento
1265 4349 1298 4403 et
1311 4360 1416 4426 cupro,

329 4440 524 4524 longitudine
541 4439 631 4503 unius
647 4440 753 4524 palmi,
769 4439 911 4525 superius
931 4438 986 4501 lati
1001 4448 1033 4501 et
1048 4439 1186 4524 capitati,
1201 4440 1329 4506 iuferius
1345 4463 1417 4506 voro
