3096 5168
260 443 319 506 128
622 464 811 509 rnnornrar
836 465 939 509 ussa
962 467 998 509 11.

255 614 376 699 lignum
395 615 524 701 aequale,
540 617 746 702 aperiensque
766 618 799 680 in
819 638 856 680 ea
876 631 965 704 parte
986 640 1049 703 qua
1070 618 1180 682 lissum
1201 625 1258 694 est,
1274 614 1354 678 dila-

255 716 338 779 tabis
364 726 492 779 etcum
519 718 636 802 forcipe
663 718 836 782 secundum
862 719 986 783 libitum
1010 719 1162 806 aequabis.
1207 716 1355 803 Cumque

256 818 385 881 omnino
405 828 564 904 aequatum
586 820 687 897 luerit,
711 842 784 885 mox
808 822 935 906 ejiciens
960 822 1033 886 iude
1057 821 1145 885 mitte
1168 821 1202 884 in
1226 820 1354 884 furnum

255 920 404 1005 refrigerii
427 920 550 984 modice
573 922 770 1000 calefactum,
795 924 839 986 sic
864 934 899 987 ut
923 945 986 987 non
1007 925 1125 1009 jaceat,
1148 922 1204 987 sed
1227 931 1289 986 stet
1311 921 1354 984 ad

254 1021 405 1106 parictem
425 1024 494 1107 ejus
514 1023 633 1102 tabula,
649 1024 743 1108 juxta
759 1046 855 1111 quam
874 1033 994 1089 statues
1015 1035 1047 1088 et
1062 1026 1156 1088 aliam
1172 1024 1241 1110 pari
1256 1022 1354 1086 modo

254 1132 420 1208 arquatum,
441 1146 478 1187 ac
503 1123 625 1188 tertiam
650 1135 682 1188 et
708 1127 843 1212 reliquas
867 1148 987 1190 omnes.
1032 1125 1113 1201 Quae
1136 1146 1209 1189 cum
1232 1124 1355 1209 frigidas

255 1225 378 1302 luerint,
400 1237 487 1289 utere
508 1227 553 1289 eis
576 1227 608 1290 in
630 1228 858 1312 componendis
879 1228 1023 1292 fenestris
1044 1226 1193 1292 findendo
1216 1225 1355 1312 particu-

255 1326 341 1389 latim
357 1328 489 1412 qualiter
505 1328 646 1392 volueris.

635 1979 864 2077 CAPUT
913 1980 968 2075 X.

495 2205 664 2256 QUOMODO
689 2204 792 2248 maur
815 2204 903 2248 ΗΒΑ
927 2205 972 2248 DE
997 2205 1107 2249 vmao.

333 2358 418 2424 ASA
436 2381 511 2424 vero
532 2360 672 2424 facturus
695 2381 849 2444 compone
865 2360 977 2423 vitrum
995 2360 1103 2423 ordine
1118 2382 1182 2446 quo
1197 2382 1303 2447 supra,
1318 2372 1355 2427 et

363 2482 435 2526 cum
458 2461 633 2525 sufflaveris
655 2460 831 2525 secundum
853 2462 1061 2548 quantitatem
1084 2484 1181 2549 quam
1203 2464 1353 2544 volueris,

251 2586 316 2628 non
331 2563 427 2628 facies
447 2564 589 2628 foramen
610 2564 642 2626 in
663 2562 761 2627 fundo
781 2563 864 2628 sicut
883 2566 1034 2650 superine,
1048 2566 1105 2628 sed
1124 2565 1282 2651 integrum
1303 2568 1353 2631 ita

251 2664 413 2751 separabis
431 2650 455 2728 'a
477 2665 581 2728 fistula
603 2687 677 2730 cum
700 2665 787 2752 ligno
810 2687 900 2753 aquae
924 2666 1065 2747 intincto,
1088 2680 1185 2754 quam
1209 2668 1352 2733 fistulam

251 2788 327 2830 mox
342 2766 528 2831 calefactam
546 2766 705 2833 adbaerere
720 2768 816 2833 facies
830 2769 947 2855 inipso
963 2768 1074 2833 fundo.
1119 2768 1258 2834 Elevans
1273 2792 1352 2836 vero

251 2888 317 2949 vas,
333 2867 498 2933 calefacies
514 2868 546 2932 in
561 2868 701 2951 flamma,
717 2880 837 2935 etcum
853 2870 939 2956 ligno
954 2870 1089 2935 rotundo
1104 2870 1250 2936 dilatabis
1265 2872 1353 2937 lora-

251 2993 324 3034 men
349 2969 427 3034 illud
449 2970 535 3035 unde
556 2972 706 3036 tistulam¹
734 2972 908 3037 secundum
934 2968 1042 3036 libitu's
1064 2980 1147 3051 tuos,
1171 2973 1352 3059 amplitica-

250 3073 362 3159 bisque
376 3072 460 3137 circa
475 3073 614 3138 fistulam
630 3073 764 3138 lundam
779 3084 815 3139 ut
832 3074 961 3138 interius
981 3096 1094 3161 cavum
1114 3075 1165 3138 sit.
1210 3074 1306 3150 Quod
1320 3079 1352 3141 si

250 3174 384 3239 volueris
411 3196 505 3239 ansas
531 3176 564 3251 in
589 3198 628 3240 eo
654 3176 767 3257 facere,
793 3176 909 3263 quibus
934 3176 1034 3262 possit
1062 3175 1210 3262 pendere,
1237 3179 1352 3263 accipe

249 3277 366 3363 gracile
377 3276 504 3356 sermm,
519 3287 552 3341 et
567 3277 696 3342 mittens
707 3277 784 3342 illud
796 3288 1014 3344 summotenus
1028 3279 1061 3342 in
1072 3300 1130 3342 vas
1142 3278 1221 3358 vitri,
1232 3301 1305 3343 cum
1318 3282 1351 3343 ei

249 3380 409 3445 modicum
435 3379 613 3460 adhaeserit,
635 3379 781 3444 auferens
804 3403 887 3467 pone
913 3403 1009 3467 super
1031 3402 1097 3461 vas,
1123 3381 1156 3444 in
1182 3402 1246 3467 quo
1272 3382 1349 3449 loco

248 3482 410 3567 placuerit,
437 3492 567 3547 etcum
598 3482 773 3560 adbaesent,
799 3483 965 3548 calefacies
994 3492 1029 3547 ut
1057 3482 1189 3546 firmiter
1217 3482 1349 3549 haereat.

250 3582 314 3648 Fac
336 3607 377 3649 ex
398 3584 449 3649 his
471 3585 557 3650 ansis
577 3584 663 3671 quod
684 3584 770 3664 velis,
790 3585 914 3649 interim
934 3595 1046 3650 tenens
1067 3605 1123 3647 vas
1141 3584 1234 3670 juxta
1253 3583 1349 3650 flam-

249 3707 334 3751 mam
364 3696 399 3751 ut
431 3687 568 3752 calidum
603 3687 644 3751 sit
677 3708 735 3751 nec
770 3696 878 3751 tamen
912 3687 1075 3774 liquescat.
1120 3685 1219 3751 Auser
1247 3687 1347 3751 etiam

248 3787 408 3851 modicum
424 3789 493 3852 vitri
509 3811 529 3852 a
544 3788 635 3853 furno
651 3791 695 3853 ita
710 3799 745 3852 ut
759 3790 846 3853 filum
861 3799 934 3875 post
951 3811 986 3853 se
1000 3788 1115 3868 trahat,
1130 3797 1164 3853 et
1180 3789 1348 3876 adponens

249 3889 314 3951 vasi
340 3888 372 3951 in
398 3911 463 3975 quo
492 3890 562 3955 loco
589 3891 734 3972 volueris,
760 3891 969 3956 circumvolve
993 3893 1088 3978 juxta
1117 3890 1278 3955 flammam
1309 3904 1349 3958 ut

247 3988 415 4056 adhoereat.
469 3993 543 4069 Quo
574 3996 659 4058 lacto
688 3993 862 4058 secundum
892 3992 1151 4058 consuetudinem
1182 3992 1347 4059 amovebis

247 4093 394 4172 fistulam,
418 4096 545 4160 mittens
569 4118 624 4165 vas
648 4097 678 4159 in
701 4095 827 4159 sarnum
851 4095 1020 4181 refrigerii3
1045 4105 1141 4181 atque
1163 4094 1223 4157 boc
1246 4096 1346 4159 modo

247 4196 435 4281 operaberis,
452 4206 604 4284 quantum
623 4199 707 4262 velis.

612 4404 617 4432 ¹
637 4404 791 4464 “separasti”
804 4406 828 4453 0.
848 4405 970 4466 Ouelpler.
