3096 5168
287 542 344 605 138
638 558 829 601 runornmr
853 557 957 601 mnan
979 558 1016 601 ιι.

280 723 366 777 creta
388 734 481 796 super
497 712 611 774 vitrum
634 711 805 774 exteriores
829 718 948 772 tractus
970 720 1103 772 tannim.
1152 707 1196 770 Et
1217 708 1244 770 si
1262 708 1376 770 vitrum

281 812 356 875 illud
379 812 511 874 densum
537 811 629 875 fuerit
651 812 695 875 sic
718 823 840 875 utnon
863 810 966 896 possis
989 810 1164 896 perspicere
1186 819 1309 872 tractus
1326 809 1379 894 qui

282 914 409 977 suntin
432 914 551 991 tabula,
575 914 731 998 accipiens
755 913 863 976 album
879 914 992 975 vitrum
1016 911 1161 997 pertrahe
1184 932 1380 996 supereum,

282 1027 378 1101 atquc
400 1040 473 1080 cum
497 1017 616 1080 siccum
643 1016 735 1079 fuerit
762 1038 843 1101 pone
865 1014 999 1077 densum
1019 1013 1134 1075 vitrum
1156 1033 1250 1097 super
1272 1010 1381 1074 album

282 1120 409 1183 elevans
424 1128 535 1183 contra
550 1120 662 1198 lucem,
683 1128 715 1182 et
732 1118 812 1181 sicut
833 1117 1039 1203 perspexeris,
1056 1115 1099 1178 ita
1114 1113 1269 1199 pertrahe.
1317 1112 1383 1176 Eo-

283 1221 355 1283 dem
372 1222 468 1285 nrodo
483 1221 664 1306 designabis
687 1221 795 1284 omnia
812 1240 929 1305 genera
944 1217 1015 1281 vitri
1031 1219 1097 1281 sive
1113 1217 1145 1280 in
1161 1214 1251 1294 facie,
1268 1216 1382 1279 sivein

284 1324 489 1399 vestimentis,
516 1326 547 1386 in
573 1324 728 1403 manibus,
756 1325 787 1386 in
815 1322 958 1409 pedibus,
984 1320 1015 1382 in
1040 1319 1149 1397 limbo,
1173 1319 1221 1382 vei
1247 1319 1280 1381 in
1303 1340 1382 1404 quo·

283 1448 419 1512 cumque
435 1428 505 1490 loco
521 1429 641 1491 colores
658 1449 774 1513 ponere
789 1426 934 1490 volueris,

579 1728 588 1733 .
610 1724 881 1734 ..———-.-
895 1724 995 1731 ..-.--
1013 1724 1102 1731 -..-

585 1949 806 2044 cAPUT
878 1947 1090 2042 XVIH.

631 2169 677 2211 DE
701 2169 899 2212 DIVIDBNDO
923 2168 1038 2212 Vl'l'RO.

366 2317 510 2383 OSTEA
533 2320 698 2384 calefacies
722 2320 755 2383 in
778 2320 849 2383 foco
872 2319 990 2382 ferrum
1012 2318 1206 2397 divisorium,
1232 2322 1320 2407 quod
1346 2323 1389 2387 sit

366 2443 421 2505 per
435 2422 542 2485 omnia
557 2423 683 2509 gracile,
706 2422 761 2486 sed
785 2421 819 2484 in
834 2422 898 2486 fine
913 2421 1062 2508 grossius.
1108 2421 1205 2497 Quod
1221 2444 1294 2486 cum
1311 2446 1389 2488 oau-

287 2523 390 2586 duerit
411 2524 443 2585 in
466 2525 614 2609 grossiori
637 2535 736 2610 parte,
762 2525 888 2611 adpone
910 2525 1002 2602 vitr0,
1025 2523 1113 2611 quod
1134 2523 1274 2588 dividere
1296 2527 1389 2590 volu-

288 2625 359 2701 cria,
378 2635 411 2687 et
431 2647 506 2687 mox
529 2628 694 2712 apparebit
713 2628 834 2691 initium
858 2627 1012 2691 fracturae.
1058 2626 1092 2691 Si
1108 2649 1181 2690 vero
1196 2626 1312 2690 vitrum
1329 2627 1389 2692 du·

289 2749 359 2789 rum
382 2727 485 2805 fuerit,
508 2729 650 2792 madefac
676 2730 753 2794 illud
779 2730 879 2817 digito
903 2739 958 2794 tuo
985 2753 1024 2794 ex
1051 2731 1149 2794 saliva
1171 2730 1204 2792 in
1227 2729 1310 2808 loco,
1334 2731 1390 2794 nbi

289 2822 406 2893 serrum
428 2851 597 2915 posueras;
621 2854 685 2918 quo
708 2834 815 2897 statim
836 2834 923 2912 fisso,
947 2833 1121 2898 secundum
1143 2832 1230 2920 quod
1245 2832 1391 2897 dividere

291 2932 435 3011 volueris,
462 2932 551 2997 trahe
581 2933 698 2999 serrum
729 2946 761 3000 et
787 2938 901 3002 fissura
925 2945 1084 3023 sequetur.
1130 2933 1288 2998 Omnibus
1314 2957 1391 2998 vero

290 3035 433 3123 partibus
456 3035 501 3100 ita
523 3036 641 3117 divisis,
663 3040 772 3124 accipe
792 3039 969 3126 grosarium
985 3038 1113 3115 ferrum,
1128 3036 1215 3124 quod
1229 3036 1271 3099 sit
1286 3037 1392 3123 longi-

290 3137 402 3202 tudine
418 3139 510 3203 unius
524 3140 631 3225 palmi,
650 3150 784 3228 utroque
804 3142 907 3228 capite
925 3163 1100 3220 recurvum,
1114 3162 1187 3204 cum
1201 3162 1267 3226 qno
1282 3162 1392 3227 requa-

291 3240 341 3304 bis
363 3250 395 3304 et
417 3243 592 3331 conjunges
614 3267 725 3309 omnes
751 3255 867 3330 partes,
890 3264 1147 3330 unamquamque
1170 3242 1203 3305 in
1225 3264 1284 3307 suo
1307 3243 1392 3308 loco.

292 3342 353 3408 His
375 3344 419 3409 ita
442 3347 626 3434 compositis
649 3347 756 3432 accipe
780 3348 918 3411 colorem
941 3368 1016 3410 curu
1038 3368 1103 3431 quo
1122 3345 1237 3409 vinum
1259 3345 1393 3433 pingere

292 3448 400 3529 deben,
417 3472 510 3537 quem
527 3450 582 3513 tali
598 3451 693 3514 modo
708 3471 892 3535 compones.

581 3769 856 3776 u———w-—n
868 3769 1014 3776 ——-—.·..
1028 3770 1048 3775 --

623 4012 861 4107 CAPUT
918 4011 1060 4105 xla

471 4234 515 4276 DE
537 4234 670 4279 Conona
692 4236 764 4278 CUM
789 4236 859 4285 QUO
884 4235 1017 4278 VITRUM
1042 4232 1217 4276 PINGITUR.

296 4384 491 4538 TOLLE
515 4409 646 4473 cuprum
671 4393 762 4452 tenue
786 4409 980 4472 percussum,
1003 4386 1192 4449 comburens
1216 4383 1247 4445 in
1263 4385 1398 4468 parvula

416 4491 530 4575 patella
554 4491 652 4554 ferrea
668 4490 769 4554 donec
793 4491 894 4575 pulvis
917 4489 1045 4552 omnino
1062 4487 1111 4563 sit,
1128 4495 1160 4549 et
1175 4484 1283 4570 accipe
1299 4486 1399 4570 parti-
