3090 5174
670 541 856 584 mirorum
881 542 983 585 LIBER
1008 544 1060 587 111.

656 1031 886 1129 CAPUT
947 1031 1086 1126 XCI.

658 1310 703 1351 DE
725 1307 943 1351 SOLIDATURA
967 1306 1079 1349 FERBI.

323 1489 509 1640 FIUNT
523 1491 618 1554 etiam
641 1513 680 1553 ex
704 1491 786 1554 ferro
803 1491 908 1554 circuli
930 1499 1041 1554 tenues
1056 1490 1111 1576 qui
1127 1498 1287 1573 ponuntur
1300 1490 1333 1552 in
1348 1511 1413 1551 ma·

417 1593 537 1657 nubriis
561 1594 819 1657 ferramentorum
843 1594 897 1679 qui
920 1615 985 1656 non
1008 1600 1141 1678 possunt
1161 1614 1216 1677 per
1231 1614 1266 1655 se
1280 1592 1413 1667 solidari,

320 1698 435 1786 quibus
458 1698 490 1759 in
509 1698 658 1782 junctura
681 1697 936 1760 circumvolvitur
958 1716 1088 1782 cuprum
1111 1705 1217 1773 tenue,
1240 1704 1337 1781 atque
1359 1693 1413 1757 cir·

320 1801 522 1884 cumponitur
549 1800 706 1862 modicum
736 1800 865 1884 argillae.
911 1797 986 1873 Qua
1011 1796 1138 1876 siccati,
1162 1818 1235 1859 cum
1259 1805 1334 1860 ante
1356 1795 1413 1859 for-

320 1923 432 1964 nacem
457 1901 517 1965 sub
545 1901 738 1965 carbonibus
765 1903 873 1965 sufflat
898 1900 1077 1979 canduerit,
1103 1920 1179 1963 mox
1206 1899 1411 1985 liquefactum

321 2026 452 2089 cuprum
472 2003 659 2067 circumfluit
679 2012 711 2066 et
728 2004 853 2067 solidat.
900 2002 972 2067 Hoc
988 2002 1084 2066 modo
1100 2001 1195 2064 etiam
1210 2002 1318 2065 claves
1332 2009 1415 2085 stag·

321 2116 414 2185 natae,
430 2106 456 2170 si
473 2106 668 2191 franguntur,
690 2115 722 2169 et
744 2106 805 2169 alia
823 2105 973 2192 quaelibet
987 2106 1019 2167 in
1036 2104 1117 2168 ferro
1133 2103 1261 2167 solidari
1276 2110 1414 2189 possunt.

323 2208 417 2283 Quod
441 2209 467 2275 si
483 2209 530 2271 vis
553 2230 638 2272 seras
660 2229 850 2293 componere
873 2207 989 2293 quibus
1011 2208 1157 2271 manticae
1179 2215 1334 2284 serantur,
1350 2226 1416 2292 per·

322 2322 393 2375 cute
415 2312 531 2374 ferrum
555 2321 648 2374 tenue
670 2320 702 2374 et
724 2310 808 2374 circa
830 2309 913 2373 aliud
937 2309 1054 2373 sermm
1070 2311 1240 2395 rotundum
1255 2309 1416 2395 complica,

323 2423 418 2500 atque
438 2414 596 2499 conjunge
618 2412 646 2475 ei
664 2411 798 2475 fundum
821 2412 963 2496 superius
986 2421 1019 2475 et
1035 2411 1175 2476 inferius.
1220 2411 1350 2476 Deinde
1363 2411 1417 2474 cir·
1518 2470 1519 2473 ,

323 2536 480 2599 cumpone
496 2515 523 2577 ei
546 2514 730 2599 corrigiolos
753 2535 793 2577 ex
815 2514 926 2577 eodem
950 2515 1033 2578 ferro
1056 2523 1088 2577 et
1107 2514 1256 2579 intereos
1272 2512 1417 2577 flosculos

323 2618 388 2682 sive
412 2617 544 2680 circulos
574 2617 709 2703 qualiter
733 2617 879 2694 volueris,
906 2617 952 2680 sic
982 2628 1089 2680 tamen
1120 2625 1155 2680 ut
1179 2638 1242 2680 una
1267 2616 1416 2703 particule
1518 2660 1519 2683 r

323 2742 448 2805 semper
476 2721 658 2806 inpingatur
695 2720 782 2784 alteri
821 2729 857 2783 ut
889 2720 1061 2799 adhaereat,
1095 2742 1135 2783 ne
1168 2719 1282 2783 cadere
1312 2719 1416 2805 possit
1518 2702 1519 2727 ¹

324 2820 506 2885 Commisce
532 2844 659 2909 quoque
684 2822 765 2886 duos
792 2830 897 2906 partes
923 2822 1010 2907 cupri
1038 2831 1071 2884 et
1096 2823 1221 2885 tertiam
1248 2823 1367 2909 stagni,
1390 2830 1418 2883 et

324 2925 503 2988 comminue
527 2923 603 2987 illud
630 2925 745 2987 malleo
766 2924 797 2986 in
819 2924 947 2988 vasculo
972 2922 1072 2988 ferreo
1098 2924 1260 3002 subtiliter,
1294 2925 1418 2988 combu-

324 3047 459 3110 rensque
474 3026 630 3088 viniceum
646 3025 794 3110 lapidem,
817 3026 900 3090 adde
915 3026 943 3089 ei
960 3026 1120 3090 modicum
1136 3027 1210 3090 salis
1225 3036 1321 3114 atque
1337 3047 1418 3091 com·

325 3127 422 3190 misce
445 3126 540 3213 aquit,
567 3136 599 3190 et
620 3127 732 3191 liniens
754 3129 786 3190 in
809 3128 942 3193 circuitu
972 3128 1207 3215 circumsparge
1228 3128 1334 3214 ipsum
1358 3127 1419 3215 pul·

325 3251 439 3293 rerem.
485 3227 560 3303 Quo
581 3229 711 3308 siccato,
733 3253 856 3294 rursum
876 3231 1059 3316 superlinies
1082 3231 1316 3296 confectionem
1338 3232 1418 3295 illam
1518 3228 1519 3253 ³

325 3332 466 3419 spissim,
488 3332 706 3419 inponensque
721 3332 830 3418 prunis
845 3354 883 3397 ac
898 3333 1066 3418 diligenter
1080 3332 1322 3416 circumtegens,
1345 3332 1421 3395 sicut
1518 3370 1519 3373 =

326 3445 495 3523 argentum
517 3435 670 3520 superius,
695 3435 807 3500 eodem
831 3435 928 3498 modo
950 3433 1119 3512 solidabis;
1143 3433 1420 3520 refrigeratumque

326 3561 382 3626 per
397 3563 431 3604 se
446 3536 575 3602 lavabis.
622 3536 695 3600 Hoc
711 3537 806 3601 modo
821 3536 972 3623 quicquid
988 3537 1124 3600 volueris
1143 3535 1176 3598 in
1192 3535 1274 3598 ferro
1290 3537 1420 3600 solidare
1518 3606 1519 3609 Ἴ

326 3653 427 3728 potes,
449 3639 536 3728 quod
557 3649 664 3704 tamen
685 3640 772 3705 nullo
796 3640 893 3704 modo
914 3639 1089 3703 deauratur.
1144 3637 1307 3724 Quicquid
1332 3656 1421 3723 super
1518 3684 1519 3689 1

326 3754 473 3829 stagnare
495 3743 630 3806 volueris
654 3742 686 3804 in
706 3742 797 3821 ferro,
820 3743 955 3828 primum
977 3743 1053 3805 lima
1071 3752 1103 3805 et
1123 3740 1307 3827 priusquam
1330 3759 1421 3803 mauu

326 3856 452 3929 tangas,
479 3845 601 3906 noviter
624 3844 767 3908 limatum
797 3845 830 3907 in
857 3845 1007 3929 patellam
1034 3845 1138 3930 stagni
1165 3843 1327 3930 liquefacti
1355 3862 1420 3908 cum

327 3947 420 4031 adipe
435 3945 562 4030 projice,
584 3955 617 4010 et
634 3967 708 4011 cum
722 3945 842 4033 forcipe
856 3968 1032 4024 commove,
1048 3946 1150 4011 donec
1169 3947 1344 4011 candidum
1360 3948 1420 4021 fiat,
1518 3934 1519 3991 ἒ

327 4050 539 4134 eductumque
553 4048 676 4113 fortiter
695 4057 819 4130 excute,
842 4057 937 4138 atque
952 4072 1025 4114 cnm
1041 4049 1159 4113 furfure
1174 4058 1206 4114 et
1219 4049 1304 4113 lineo
1319 4070 1420 4137 panno

326 4174 437 4241 purga.
483 4151 576 4217 Seras
597 4152 714 4217 ferreas
737 4159 834 4240 atque
849 4152 1001 4238 ligaturas
1022 4152 1208 4216 scriniorum
1223 4161 1255 4216 et
1273 4153 1421 4217 ostiorum

327 4277 401 4320 cum
423 4254 543 4334 feceris,
566 4255 607 4320 ad
629 4255 776 4319 ultimum
799 4254 964 4319 calefacies
986 4264 1018 4319 et
1037 4255 1105 4341 pice
1127 4254 1227 4333 linies,
1250 4255 1332 4318 clavi
1352 4273 1420 4319 vero

328 4360 466 4445 stagnati
493 4358 566 4423 sint.
627 4356 710 4421 Cum
736 4357 847 4421 feceris
872 4357 1017 4435 calcaria,
1033 4357 1138 4420 frenos
1164 4365 1197 4418 et
1219 4356 1420 4419 instrumenta

329 4460 413 4524 sellae
436 4460 600 4525 humilium
624 4459 807 4524 clericorum
835 4472 867 4523 et
888 4459 1128 4536 monachorum,
1152 4467 1183 4521 et
1205 4479 1243 4521 ea
1266 4457 1420 4543 aequaliter
