3090 5174
342 495 407 560 402
692 518 886 564 ιιιιιοιιιιιι
911 518 1016 563 masa
1039 518 1093 563 ιιι.

343 668 419 733 illud
438 669 480 733 ab
500 670 573 755 igne
596 670 735 734 extrahe.
782 671 826 735 Et
847 670 873 734 si
893 692 934 734 ex
954 670 1067 734 eodem
1087 667 1247 732 scultellas
1271 675 1337 731 arte
1355 665 1435 752 figuli

344 772 486 837 studiose
503 774 614 852 factas,
630 773 677 837 vis
692 773 874 859 depingere,
897 772 973 836 illud
989 772 1031 837 sd
1046 792 1140 834 usum
1160 780 1289 834 contere
1303 770 1436 855 picture,

346 884 379 938 st
400 885 431 937 te
447 885 533 937 verte
564 875 604 938 ad
628 875 710 938 hanc
739 885 840 939 artem
862 896 934 961 quae
955 874 989 938 in
1011 874 1113 960 primo
1143 872 1223 936 libro
1246 872 1364 956 scripte
1385 879 1437 933 est

348 975 427 1039 Haec
442 977 527 1039 enim
542 977 587 1041 ita
603 999 637 1042 se
652 976 758 1041 habet.
803 984 823 1015 “
837 977 889 1041 Ex
904 977 985 1041 vitro
1000 977 1027 1041 si
1042 976 1113 1064 quis
1129 974 1303 1060 depingere
1317 972 1438 1036 vascula

348 1076 491 1164 qumrit.'’

673 1345 907 1442 CAPUT
964 1346 1178 1443 CVII.¹

676 1548 722 1590 1>ss
744 1548 955 1592 scobrannrs
976 1549 1120 1592 Girumu.

565 1675 614 1740 Ul
631 1678 719 1763 cupit
733 1679 878 1764 egregios
893 1679 1015 1765 lapides
1029 1678 1201 1765 irrumpere
1216 1677 1309 1755 ferro,

594 1779 686 1854 Quos
701 1780 879 1844 dilexerunt
894 1803 984 1867 reges
999 1780 1132 1845 nimium
1148 1801 1242 1865 super
1257 1799 1366 1842 annun

484 1883 581 1946 Urbis
598 1881 753 1945 Romanas
768 1883 822 1969 qui
837 1884 939 1947 celsas
949 1884 1020 1970 jam
1035 1892 1163 1948 tenuere

482 1985 587 2062 Artes,
602 1983 762 2069 ingenium
778 1984 864 2072 quod
880 2008 940 2070 ego
956 1985 1016 2049 sub
1031 1992 1137 2048 mente
1153 1982 1311 2068 profunda

484 2087 608 2166 Inveni,
623 2086 769 2173 accipiat,
785 2108 879 2173 quem
895 2087 987 2152 valde
1002 2096 1052 2151 est
1065 2084 1254 2172 preciosum.

483 2188 618 2254 Urinam
634 2188 711 2251 mibi
727 2188 856 2275 quaesivi
870 2189 1049 2279 pariterque
1063 2209 1206 2253 cruorem

483 2291 535 2356 Ex
551 2292 650 2378 hyrco
665 2291 795 2377 ingenti,
811 2291 936 2358 modico
950 2291 1010 2355 sub
1024 2298 1167 2377 tempore
1181 2297 1309 2375 pastum

484 2392 622 2473 Hederd,
637 2416 702 2481 quo
718 2394 815 2474 sacto,
829 2393 984 2459 calefacto
999 2391 1154 2479 sanguine
1167 2411 1312 2478 gemmas

486 2493 601 2574 Incidi,
616 2494 713 2558 veluti
727 2494 915 2558 monstravit
930 2493 1054 2559 Plinius
1069 2503 1188 2573 auctor,

484 2596 580 2660 Artes
595 2593 649 2682 qui
664 2595 799 2682 scripsit,
814 2618 893 2682 quas
910 2597 1000 2683 plebs
1015 2594 1164 2663 Romans
1178 2594 1334 2682 probavit,

484 2695 591 2782 Atque
607 2695 699 2759 simul
715 2696 857 2785 lapidum
872 2696 1004 2763 virtutes
1018 2698 1143 2786 scripsit
1157 2698 1307 2775 honeste3
1519 2630 1521 2787 l

487 2796 633 2874 Quorum
648 2798 704 2887 qui
718 2799 821 2864 noscit
832 2800 925 2880 vires,
941 2803 1013 2887 plus
1028 2802 1131 2889 diligit
1144 2801 1234 2879 illos;

486 2899 570 2963 Nem
586 2900 680 2986 primi
694 2924 785 2986 reges
799 2902 912 2969 urbem
926 2904 981 2991 qui
991 2905 1060 2990 jam
1075 2911 1254 2981 tenuerunt,

488 3000 633 3065 Geminis
648 3013 800 3067 ornarunt
814 3014 919 3069 vestes
933 3027 1010 3071 suro
1025 3005 1206 3084 renitentes,

488 3102 541 3166 Ex
556 3101 671 3188 quibus
686 3102 817 3189 insignis
832 3106 951 3192 primus
965 3106 1025 3171 fuit
1039 3106 1237 3170 Aurelianus.

489 3201 554 3279 Qui
569 3203 711 3289 proprias
726 3216 831 3271 vestes
846 3209 980 3295 gemmis
995 3209 1137 3274 contexit
1151 3218 1183 3273 et
1197 3230 1284 3273 auro.

661 3559 893 3658 CAPUT
954 3560 1163 3660 CVIII.
1199 3563 1211 3594 '

705 3766 752 3809 DE
774 3766 949 3812 PREOIOSIS
971 3768 1115 3812 ostrum.

359 3898 662 4059 PREOIOSAS
683 3924 828 3992 gemmas
850 3903 877 3969 si
899 3906 1013 3992 queris
1033 3904 1154 3970 lucidos
1172 3904 1277 3969 lbeere
1294 3904 1397 3991 accipe
1409 3921 1439 3965 er

450 4022 523 4090 qnos
536 4013 611 4068 sunt
623 4004 675 4070 hic
690 4008 819 4092 scripta.
866 4007 997 4072 Petram
1018 4027 1228 4072 marmoream
1241 4006 1335 4073 valde
1348 4022 1439 4091 equ·-

358 4106 422 4170 lem
442 4104 502 4179 tibi
524 4105 642 4191 aquiro,
664 4108 824 4196 lircitoque
847 4109 910 4174 hoc
936 4110 1024 4197 quod
1045 4109 1131 4173 utilis
1152 4130 1204 4173 ars
1226 4108 1285 4172 tibi
1307 4102 1438 4173 ostendit

360 4206 532 4272 Gemmsm
546 4210 701 4296 equalem
716 4232 811 4295 super
825 4211 908 4277 hanc
923 4222 1045 4299 petram
1056 4210 1128 4274 levi
1138 4210 1260 4274 extrica
1273 4230 1378 4287 manu,
1390 4205 1438 4270 sic

360 4330 425 4394 que
445 4309 672 4375 obscuritatem
693 4312 756 4378 cito
775 4314 896 4399 perdet,
919 4323 952 4378 et
966 4312 1095 4401 recipiet
1109 4312 1288 4399 preciosum
1309 4311 1437 4375 nitorem

554 4460 819 4526 umentem
1164 4464 1259 4512 naua
