3018 5170
644 525 837 568 THEOPIIILI
861 525 966 568 LIBER
990 526 1042 568 111.

575 844 806 941 CAPUT
868 843 1131 940 LXVIII.

523 1096 697 1146 Qunurrnu
723 1096 932 1141 DBAURE’I'UR
954 1095 1189 1141 nuulcswuu.

399 1274 621 1339 EAURARE
650 1275 698 1338 vis
735 1274 829 1360 igitur
859 1274 1053 1339 thuribulum
1087 1298 1126 1341 ex
1158 1277 1327 1357 auricalco,
1358 1279 1411 1343 lac

439 1378 552 1441 eodem
567 1378 664 1442 modo
687 1377 768 1441 siout
788 1376 931 1462 superius
947 1378 1106 1442 deaurasti
1121 1380 1277 1444 auriculas
1292 1402 1409 1467 argen-

306 1482 348 1545 tei
364 1480 479 1560 calicis,
495 1481 552 1544 sed
574 1503 648 1545 curn
671 1482 783 1567 majori
798 1482 933 1560 cautela,
948 1481 1024 1568 quia
1041 1492 1208 1567 argentum
1222 1491 1255 1547 et
1269 1482 1406 1569 simplex

307 1607 439 1670 cuprum
463 1584 584 1647 facilius
606 1584 750 1648 deaurari
773 1592 907 1670 possunt
932 1606 1030 1670 quam
1052 1584 1253 1648 auricalcum.
1300 1583 1410 1649 Debet

307 1687 391 1751 enim
415 1688 572 1752 morosius
590 1696 623 1751 et
640 1686 821 1773 diligentius
841 1684 974 1749 invivari
992 1694 1025 1750 et
1046 1687 1176 1772 spissius
1197 1686 1356 1766 deaurari,
1378 1696 1409 1751 et

307 1790 501 1877 frequentius
516 1789 625 1869 lavari,
640 1798 673 1853 et
690 1788 808 1852 diutius
823 1787 943 1852 siccari.
988 1787 1086 1863 Quod
1102 1811 1175 1853 eum
1191 1792 1325 1875 eoeperit
1340 1812 1407 1855 cro-

307 1914 399 1955 ceum
421 1893 559 1956 colorem
581 1891 716 1970 trahere,
738 1891 766 1954 si
789 1890 902 1954 videris
928 1891 1017 1955 albas
1042 1893 1182 1956 maculas
1204 1892 1349 1980 undique
1370 1915 1406 1957 ex

306 1994 381 2058 inde
396 1995 491 2073 exire,
508 2003 543 2057 ut
557 1993 658 2058 nolint
673 1993 834 2080 oequaliter
844 1992 965 2074 siccari,
982 1994 1050 2057 haec
1064 2003 1114 2058 est
1124 1995 1218 2081 culpa
1228 1996 1407 2077 calamina,

307 2096 393 2183 quod
409 2119 473 2162 non
488 2096 576 2175 suiv,
591 2096 673 2160 bene
691 2104 860 2181 purgatum
882 2103 915 2159 et
931 2106 1115 2176 excoctum,
1135 2097 1221 2183 quod
1237 2097 1284 2162 sic
1299 2119 1406 2161 emen·

306 2199 408 2263 dabis.
446 2199 536 2263 Tolle
550 2198 687 2284 smigma
698 2208 731 2262 et
742 2220 824 2284 pone
837 2198 869 2261 in
881 2199 1043 2262 vasculum
1056 2201 1221 2276 mundum,
1233 2209 1267 2264 et
1277 2199 1406 2264 infunde

307 2301 336 2364 ei
351 2323 479 2388 aquam,
502 2310 534 2365 et
549 2301 656 2387 digitis
679 2301 741 2365 tuis
763 2301 855 2388 quasi
877 2300 1015 2364 lavando
1037 2301 1208 2366 commisce
1230 2302 1405 2389 diligenter,

307 2406 409 2469 donec
433 2406 489 2468 fiat
511 2406 601 2492 quasi
624 2405 676 2470 fex
698 2403 867 2482 cerevisia,
895 2411 991 2489 atque
1013 2423 1086 2465 cum
1109 2402 1186 2465 setis
1208 2403 1297 2488 porci
1320 2403 1405 2466 linies

307 2508 386 2571 illud
397 2508 559 2595 aequaliter
571 2530 627 2594 per
638 2507 744 2571 omnia
756 2526 850 2591 super
861 2504 1050 2579 deauratum
1061 2505 1243 2569 turibulum.
1283 2505 1405 2570 Deinde

308 2632 391 2695 pone
406 2631 502 2695 super
521 2611 686 2690 carbones,
709 2617 742 2673 et
757 2618 824 2672 tam
839 2607 894 2671 diu
907 2606 1038 2687 calefac,
1060 2607 1164 2672 donee
1183 2607 1344 2673 conlectio
1357 2609 1404 2672 illa

307 2709 439 2796 incipiat
454 2710 642 2796 nigrescere,
665 2720 699 2775 et
713 2710 759 2775 sic
773 2711 901 2775 elevans
916 2731 990 2773 cum
1006 2709 1124 2795 forcipe
1145 2731 1202 2795 per
1215 2710 1327 2774 omnia
1340 2710 1404 2773 dili-

308 2821 420 2898 genter
433 2834 584 2899 asperges
599 2813 696 2901 aqnb,
708 2812 815 2899 sicque
829 2811 960 2892 lavabis,
971 2821 1004 2876 et
1017 2834 1091 2875 cum
1106 2811 1167 2875 filis
1182 2833 1223 2875 ex
1238 2812 1402 2890 auricalco,

307 2922 461 3000 utsupra
490 2915 610 2979 dietum
640 2924 699 2995 est,
722 2914 833 3001 polies.
880 2914 954 2990 Quo
978 2914 1064 2979 facto
1088 2935 1211 2978 rursum
1234 2911 1402 2978 circumfri-
1494 2948 1495 2951 κ

308 3015 396 3079 cabis
408 3038 482 3079 cum
494 3017 692 3081 confectione
704 3016 816 3080 vinicei
831 3016 957 3102 lapidis,
968 3025 1001 3081 et
1015 3017 1087 3082 viro
1101 3024 1245 3102 argento,
1257 3025 1291 3081 et
1305 3018 1401 3081 denno
1494 3038 1495 3093 ἢ

307 3118 475 3182 deaurabis
490 3128 618 3205 propter
638 3121 775 3184 calorem
790 3119 977 3200 carbonum,
996 3119 1051 3207 qui
1065 3118 1182 3206 saepius
1196 3119 1230 3182 in
1244 3119 1323 3183 illud
1337 3118 1401 3182 mit·

307 3229 425 3301 tuntur,
454 3206 495 3284 ne
521 3220 614 3301 forte,
644 3220 671 3285 si
697 3230 792 3286 tenue
821 3221 1008 3287 deauratum
1034 3222 1137 3302 luerit,
1163 3221 1268 3308 ipsum
1295 3241 1400 3286 aurum
1494 3226 1495 3309 i

307 3323 523 3403 comburatur,
547 3323 657 3412 sicque
678 3324 792 3388 iterum
814 3325 914 3410 polies
936 3347 1010 3389 cum
1030 3325 1103 3405 filis,
1130 3346 1169 3389 ae
1182 3324 1290 3389 denuo
1314 3343 1400 3410 super
1494 3342 1495 3355 ¹

307 3425 462 3491 carbones
484 3448 584 3514 pones
606 3427 725 3491 diutius
753 3427 951 3507 calefaciens,
980 3426 1084 3490 donec
1106 3427 1238 3491 rubeum
1269 3428 1399 3492 colorem

308 3529 423 3610 trahat,
445 3548 478 3595 et
492 3553 567 3597 mox
589 3529 787 3616 refrigerabis
806 3529 840 3593 in
860 3550 955 3615 aqua,
977 3537 1010 3592 et
1030 3550 1104 3592 eum
1124 3528 1212 3593 ferris
1233 3527 1399 3616 equalibus

307 3640 340 3694 et
354 3632 395 3695 ad
410 3632 472 3697 hoc
491 3634 575 3720 aptis
589 3632 700 3719 polles,
722 3631 830 3719 sicque
845 3653 919 3696 cum
938 3638 1118 3695 atramento
1132 3630 1300 3696 combusto
1314 3631 1395 3694 ineo·

307 3733 436 3813 lorabis,
451 3743 488 3797 ut
502 3733 715 3820 prediximus.

341 3949 349 3980 ¹
367 3951 383 3977 “
390 3950 511 4013 equaliter
519 3952 651 4013 commixta,
661 3952 710 4002 rive
720 3953 816 4017 plumbi,
827 3954 888 4017 quod
898 3968 992 4019 cuprum
1002 3969 1050 4004 uon
1059 3952 1126 4004 few
1137 3955 1179 4004 Ex
1189 3954 1246 4006 (lod.
1257 3952 1349 4017 aaut
