3090 5174
352 508 415 569 384
710 528 901 572 rusorum
926 530 1030 573 masa
1054 532 1106 574 111.

353 680 455 742 brium
485 680 618 765 simplex
643 678 777 765 qualiter
800 681 946 761 volueris,
978 692 1010 745 et
1042 683 1216 745 secundum
1240 683 1436 769 quantitatem

353 783 420 866 ejus
436 782 486 846 fac
504 782 646 845 foramen
662 782 712 845 cui
733 783 876 847 cultellus
899 783 1018 869 imponi
1039 783 1144 862 debet,
1167 794 1265 871 atque
1280 785 1438 872 iujungeei

352 885 472 968 lignum
496 885 670 970 diligenter,
686 894 718 948 et
738 885 819 947 sicut
840 886 961 971 lignum
983 887 1154 950 formatum
1176 896 1235 965 est,
1251 888 1296 950 ita
1316 888 1365 951 fac
1383 888 1438 951 for·

354 988 431 1050 mari
454 988 588 1051 caudam
612 987 737 1050 cultelli.
785 988 910 1051 Deinde
933 998 999 1052 tere
1021 989 1095 1052 thus
1118 989 1256 1052 lucidum
1278 989 1313 1052 in
1334 990 1440 1052 tenuis

352 1090 467 1153 simum
484 1091 654 1175 pulverem,
670 1101 702 1153 et
716 1090 790 1152 iude
805 1090 902 1176 imple
917 1092 1059 1155 foramen
1076 1091 1245 1177 manubrij,
1267 1101 1364 1177 atque
1377 1113 1440 1154 cum

352 1191 435 1254 lineo
451 1215 556 1278 panno
568 1193 700 1256 humido
715 1193 839 1256 involve
851 1193 1011 1256 cultellum
1022 1194 1118 1278 juxta
1132 1193 1267 1255 caudam
1280 1192 1440 1278 tripliciter,

353 1316 536 1381 ponensque
557 1305 632 1357 ante
649 1295 819 1372 fornacem,
843 1295 962 1359 calefac
986 1295 1088 1380 ipsam
1103 1294 1239 1357 caudam
1260 1293 1364 1357 donec
1379 1316 1440 1357 mo-

352 1396 460 1460 dicirm
486 1397 667 1475 candescat,
698 1396 869 1482 statimqne
898 1397 997 1482 infige
1025 1397 1192 1461 manubrio
1221 1396 1389 1482 diligenter
1411 1406 1441 1459 ut

352 1498 432 1561 benc
462 1500 681 1584 conjungatur,
711 1508 743 1560 et
772 1498 903 1563 firmiter
932 1499 1038 1564 stabit
1096 1498 1192 1574 Quod
1223 1498 1250 1562 si
1280 1499 1439 1585 aliquando

352 1610 517 1679 vetustate,
533 1601 581 1663 rel
597 1600 730 1679 incuria,
750 1601 894 1664 cultellus
910 1601 1085 1687 frangatur,
1105 1603 1149 1666 ita
1163 1611 1201 1666 ut
1214 1602 1367 1688 particula
1380 1602 1438 1686 ejus

352 1710 441 1765 extra
456 1703 656 1766 manubrium
677 1702 824 1781 emineat,
839 1703 958 1767 calefac
978 1703 1129 1789 forcipem
1147 1703 1267 1789 ferrarij
1284 1712 1377 1789 atque
1390 1702 1437 1765 ad·

351 1804 510 1888 prehende
536 1806 639 1890 ipsam
670 1803 806 1868 caudam
840 1813 872 1867 et
904 1806 1130 1892 aliquantisper
1158 1814 1243 1884 tene,
1270 1804 1371 1869 donec
1395 1805 1437 1865 in·

351 1908 499 1985 calescat,
515 1916 546 1970 et
561 1907 669 1969 statim
689 1907 829 1971 extrahe.
874 1905 958 1970 Cum
972 1908 1130 1993 sulphure,
1149 1930 1215 1994 quo
1231 1908 1316 1986 trito,
1335 1907 1436 1971 eodem

352 2009 448 2071 modo
467 2010 585 2072 firmari
605 2018 710 2095 potest
725 2010 881 2089 cultellus,
906 2033 970 2075 nou
990 2012 1095 2075 solum
1110 2012 1143 2074 iu
1158 2032 1232 2075 osse
1250 2010 1308 2074 sed
1322 2010 1435 2074 induro

353 2111 450 2194 ligno.

635 2688 875 2787 CAPUT
940 2686 1161 2784 XCIII.

698 2945 745 2987 DE
767 2940 992 2987 RUBBICANDO
1015 2940 1106 2985 OSSB.

429 3126 479 3190 ST
508 3128 604 3192 etiam
630 3126 729 3189 herba
755 3124 878 3189 rubrica
903 3122 1000 3201 dicta,
1030 3122 1121 3206 cujus
1150 3121 1240 3185 radix
1267 3131 1317 3186 est
1341 3124 1435 3208 longa,

450 3229 574 3317 gracilis
588 3239 621 3293 et
635 3226 822 3305 rubicunda,
838 3247 910 3312 quae
925 3223 1043 3288 effossa
1058 3224 1124 3288 sole
1139 3223 1285 3304 siccatur,
1305 3223 1435 3312 atqueiu

350 3334 500 3398 mortario
526 3330 590 3418 pila
612 3329 767 3409 tunditur,
796 3338 828 3392 et
854 3328 899 3391 sic
925 3327 1028 3391 lexiva
1054 3326 1182 3412 perfusa
1206 3327 1239 3390 in
1263 3327 1328 3392 olla
1355 3321 1433 3389 radi¹

349 3437 506 3524 coquitur.
561 3432 623 3498 Cui
645 3453 718 3496 cum
740 3430 821 3495 bene
843 3428 999 3507 bulluerit,
1021 3450 1058 3492 os
1080 3428 1258 3514 elephantis
1279 3450 1336 3492 seu
1353 3423 1434 3513 piscia

349 3541 399 3604 vel
429 3539 512 3605 cervi
535 3536 729 3623 impositum,
753 3532 883 3596 rubrum
918 3531 965 3594 fit.
1025 3528 1168 3594 Possunt
1199 3530 1298 3594 etiam
1331 3551 1370 3594 ex
1392 3526 1434 3589 his

349 3642 475 3707 ossibus
501 3642 551 3706 vel
574 3639 722 3705 cornibus
746 3633 886 3699 tornatili
912 3655 1008 3720 opere
1031 3633 1099 3697 fieri
1128 3630 1238 3697 noda'
1267 3634 1302 3698 in
1327 3631 1433 3698 baculis

348 3743 578 3829 episcoporum,
594 3740 768 3818 abbatiam,
785 3748 880 3824 atque
895 3737 1032 3801 minores
1046 3735 1158 3799 noduli
1171 3735 1305 3801 diversis
1319 3733 1434 3799 utensil-

348 3844 419 3908 ibus
441 3842 516 3927 apti.
562 3841 654 3917 Quos
676 3862 749 3905 cum
772 3839 871 3904 acutis
892 3838 980 3903 ferris
1002 3839 1176 3903 tornaveris
1197 3860 1271 3902 cum
1293 3836 1433 3925 asperella

348 3944 500 4031 aequabis,
515 3954 548 4008 et
561 3945 713 4030 colligens
728 3963 853 4006 rasuras
867 3941 900 4004 in
916 3961 1023 4025 panno
1037 3940 1120 4004 lineo
1138 3940 1274 4026 desuper
1288 3937 1431 4005 tornando

348 4046 469 4111 fortiter
482 4046 620 4125 fricabis,
642 4057 676 4109 et
690 4043 819 4109 omnino
837 4041 933 4105 lucidi
952 4042 1041 4105 fient.
1088 4041 1256 4107 Cineribus
1270 4042 1394 4107 cribatis
1406 4047 1433 4103 et

347 4151 439 4214 laneo
462 4169 567 4235 pauno
589 4146 697 4211 inditis
723 4145 840 4232 poteris
861 4143 1028 4209 manubria
1049 4165 1178 4225 cornea,
1205 4154 1238 4209 et
1259 4155 1431 4210 renatorum

348 4274 476 4332 cornua,
499 4251 549 4317 vel
570 4250 696 4315 tabulas
717 4248 750 4311 in
772 4246 907 4311 lucernis
929 4246 1045 4333 polire;
1076 4247 1118 4311 ad
1141 4247 1289 4312 ultimum
1311 4250 1381 4312 vero
1398 4264 1432 4307 ne

347 4354 544 4420 obliviscaris
559 4375 598 4417 ea
613 4353 701 4417 nucis
717 4351 788 4415 oleo
803 4350 997 4436 superlinita.

608 4484 616 4514 ¹
632 4482 702 4534 rasti
993 4477 1004 4512 ¹
1020 4480 1118 4541 “nodi''
1128 4478 1183 4530 ind.
