3162 5178
688 538 880 583 ‘tunorium
903 539 1006 586 uuna
1026 540 1079 585 111.

608 881 844 979 CAPUT
904 883 1164 979 XOVHL

685 1101 732 1144 ΒΕ
754 1099 870 1144 BDERA
891 1099 935 1146 Au
957 1099 1078 1145 mooe.

421 1246 575 1313 cerro
597 1270 618 1313 a
638 1258 670 1313 te
690 1247 788 1313 nater
804 1247 971 1313 naeniae
991 1253 1027 1310 n
1045 1245 1151 1311 uram
1171 1246 1229 1311 uu
1247 1246 1289 1313 de
1302 1247 1428 1329 leuem,
1552 1208 1554 1245 l

462 1372 559 1437 quam
581 1360 683 1437 poene
707 1359 804 1438 atque
824 1349 961 1414 artifices
985 1347 1121 1413 nimium
1144 1348 1333 1431 dilexerunt,
1355 1350 1430 1438 quia

334 1451 473 1517 occulus
487 1452 568 1517 vires
589 1474 669 1539 quae
691 1454 724 1517 in
743 1474 777 1517 ee
788 1452 930 1517 continet
937 1458 1149 1538 agnoverunt:
1165 1459 1331 1537 poetuum
1346 1451 1430 1516 enirn

334 1553 476 1619 carmine
490 1576 563 1619 curn
578 1556 782 1620 recitarentur
795 1555 830 1619 in
843 1555 968 1619 theatro
983 1561 1060 1617 ente
1072 1562 1267 1618 conventum
1282 1575 1430 1619 romanu·
1553 1598 1554 1603 κ

334 1679 415 1736 rum,
444 1658 677 1722 coronabantur
704 1656 1023 1724 hederat-artificee
1050 1677 1126 1721 vero
1155 1656 1277 1744 antiqui
1304 1678 1345 1722 ex
1369 1657 1430 1722 bec

334 1759 452 1824 multoe
465 1759 587 1824 colores
602 1760 797 1840 invenerunt,
815 1780 855 1824 ex
870 1760 988 1848 quibus
1001 1780 1101 1822 unum
1116 1758 1236 1845 scripto
1251 1758 1308 1823 tibi
1324 1767 1430 1824 oeten·

335 1861 420 1927 dam.
458 1860 573 1926 Menae
589 1864 711 1942 martio,
726 1882 799 1927 cunr
813 1861 923 1927 herbee
932 1861 1126 1948 arboresque
1138 1882 1270 1928 succum
1282 1860 1323 1926 de
1332 1871 1431 1926 matre

333 1972 418 2028 terra
432 1964 617 2050 suscipiunt,
635 1975 667 2030 et
687 1965 801 2030 iterum
815 1966 898 2029 riree
919 1963 1084 2028 crescendi
1105 1962 1271 2049 recipiunt,
1286 1964 1430 2027 eubulum

334 2064 443 2151 accipe
467 2075 499 2129 et
524 2068 719 2132 ramusculos
745 2069 870 2133 hederae
896 2054 1188 2153 perfora'locatlm‚
1215 2074 1250 2130 et
1273 2065 1431 2153 egreditar

334 2158 456 2251 gumini
470 2167 572 2254 liquor
593 2190 633 2233 ex
655 2170 710 2249 eie,
733 2170 774 2234 de
794 2190 859 2257 quo
881 2168 1074 2255 sanguineus
1096 2167 1264 2255 coquendo
1284 2170 1374 2235 color
1386 2169 1430 2236 ef·

333 2268 447 2349 ficitur,
462 2270 517 2356 qui
531 2272 620 2336 lucca
634 2282 843 2359 nuncupetur.
881 2272 1037 2358 Decoque
1048 2292 1126 2356 ergo
1141 2271 1263 2357 gummi
1277 2271 1429 2358 liquorem

334 2392 429 2457 quem
444 2371 502 2435 tibi
524 2395 619 2460 supra
640 2374 707 2439 dixi
729 2396 801 2440 cunr
824 2374 929 2454 urina,
952 2383 983 2438 et
1005 2373 1137 2438 habebis
1153 2374 1364 2460 sanguineum
1378 2396 1431 2439 co-
1553 2432 1554 2455 ,

332 2473 433 2537 lorem
455 2475 510 2561 qui
532 2487 581 2541 eet
603 2477 687 2541 utilis
709 2476 870 2562 scripturis
893 2485 990 2561 atque
1011 2474 1152 2562 picturis.
1197 2476 1250 2541 Ex
1272 2476 1334 2541 hoc
1356 2499 1431 2563 ergo

333 2574 456 2660 parcia¹
480 2577 614 2643 efficitur
635 2578 689 2665 qui
712 2576 963 2665 pellee'erietum
986 2599 1025 2642 ac
1039 2599 1203 2664 caprarum
1220 2600 1312 2643 rosea
1327 2580 1432 2644 colore

334 2674 475 2742 decoret

643 2926 1156 2940 *nn-ffl—

651 3192 886 3293 OAPUT
946 3194 1145 3294 XCIX.

710 3443 757 3486 DE
778 3443 890 3487 vuum
913 3442 1055 3489 comma.

417 3606 594 3674 lRlDEM
616 3610 643 3674 si
663 3609 734 3696 quie
752 3609 865 3696 querit
885 3608 1023 3673 colorem
1043 3607 1084 3672 ed
1102 3607 1261 3671 ecnbendi
1276 3628 1370 3672 usum
1384 3607 1432 3672 fa-

438 3732 518 3791 cere,
542 3713 677 3799 accipiat
699 3712 775 3776 folia
793 3711 893 3775 uirida
914 3730 956 3775 ex
977 3709 1075 3776 herbe
1096 3732 1169 3798 quae
1183 3712 1279 3797 vulgb
1302 3711 1433 3776 morella

333 3821 544 3900 nuncupatur,
559 3834 694 3902 eamque
708 3836 780 3880 cum
795 3822 882 3879 crete
896 3812 1033 3877 cendide
1047 3834 1143 3899 euper
1157 3821 1279 3899 petram
1294 3832 1432 3878 murmo-

333 3934 420 3977 ream
436 3914 605 4001 diligenter
616 3924 707 3996 teret,
723 3915 826 3981 donec
840 3916 904 3980 sint
918 3914 1010 3980 valde
1024 3914 1154 4001 liquide,
1168 3921 1266 4001 etque
1281 3916 1322 3979 ed
1338 3936 1431 3980 usum

333 4015 490 4081 scribendi
510 4017 640 4103 optima.
686 4016 761 4083 Hoc
782 4028 888 4082 autem
911 4018 1006 4098 facto,
1028 4036 1164 4103 pennam
1188 4017 1292 4082 facere
1312 4026 1449 4102 tempe-¹

334 4127 447 4199 ratam,
463 4141 519 4184 seu
535 4121 704 4207 pincellum
723 4123 756 4185 in
779 4122 864 4185 hunc
882 4122 1018 4185 colorem
1034 4121 1163 4207 inunge,
1178 4128 1274 4207 atque
1288 4118 1432 4184 illumina
1553 4138 1554 4151 ³

332 4220 483 4305 capitales
505 4220 624 4286 litterae
645 4244 725 4309 ques
747 4244 787 4286 ex
809 4223 922 4287 eodem
945 4224 1050 4288 colore
1066 4223 1113 4287 vis
1136 4223 1322 4288 illuminare.
1365 4220 1430 4285 Sed

332 4344 409 4387 cave
426 4324 530 4403 freter,
546 4347 586 4389 ne
608 4325 740 4390 nimium
756 4346 857 4411 ponas
872 4346 912 4388 ex
927 4334 1013 4389 creta
1028 4348 1100 4389 curn
1116 4346 1213 4391 succo
1228 4325 1384 4389 foliorum.

752 4476 933 4539 mnenon·
957 4478 1021 4536 our
