3018 5170
686 548 835 590 TllEOI‘lll
844 548 873 589 ld
900 547 1004 591 LIBER
1026 550 1079 592 lll.

617 851 857 949 CAPUT
921 855 1150 951 LXVII.

645 1091 691 1132 DE
714 1092 983 1137 Puafflcfflorrn
1005 1095 1119 1138 curm.

334 1257 527 1410 TOLLE
550 1259 698 1345 patellam
719 1258 852 1323 ferream
872 1261 962 1346 cnjus
982 1261 1210 1348 magnitudinis
1229 1262 1369 1339 volneris,
1388 1271 1415 1324 et

441 1362 496 1424 lini
510 1383 582 1424 eam
598 1359 726 1424 interius
748 1370 780 1425 et
801 1362 939 1426 exterius
960 1363 1072 1449 argilld
1086 1364 1207 1428 fortiter
1221 1365 1376 1429 macerati
1389 1373 1416 1425 et

337 1465 444 1543 mixti,
468 1474 499 1528 et
520 1464 686 1549 diligenter
708 1464 877 1530 exsiccati.
922 1464 1052 1531 Deinde
1072 1488 1154 1553 pone
1177 1489 1250 1532 eam
1273 1477 1343 1531 ante
1361 1466 1415 1531 for·

336 1589 447 1632 nucem
473 1567 592 1630 ferrarii
618 1589 711 1653 super
737 1568 902 1648 carbones,
928 1569 972 1632 ita
998 1579 1034 1633 ut
1059 1592 1133 1633 cum
1158 1570 1252 1634 folles
1278 1569 1415 1645 flaverint,

334 1681 446 1735 ventus
472 1671 586 1756 partim
609 1670 738 1733 interius
762 1670 876 1755 partim
902 1671 1044 1757 superius
1068 1670 1218 1758 procedat
1243 1682 1276 1736 et
1298 1694 1357 1735 non
1376 1671 1415 1733 in·

335 1773 440 1837 ferius.
486 1773 530 1836 Et
557 1772 787 1858 circumpositis
812 1773 941 1836 minutis
967 1774 1169 1853 carbonibus,
1197 1774 1357 1862 aequaliter
1378 1773 1416 1834 in-

335 1897 418 1960 pone
433 1896 576 1961 cupmm,
592 1883 624 1939 et
639 1875 815 1960 superadde
830 1875 1010 1962 congeriem
1022 1876 1204 1940 carbonum.
1247 1876 1342 1952 Quod
1355 1896 1416 1939 cnm
1491 1874 1492 1937 ἶ

336 1977 390 2040 diu
413 1977 570 2040 sufflando
592 1976 686 2039 fuerit
706 1976 920 2064 liquefactum,
943 1979 1118 2066 discooperi
1134 1988 1165 2043 et
1187 2001 1266 2043 mox
1281 1979 1416 2042 minutam
1491 2020 1492 2049 3

336 2080 510 2143 carbonum
526 2078 667 2142 favillam
690 2101 782 2164 super
803 2080 881 2144 illud
899 2081 1015 2166 proice,
1033 2091 1067 2146 et
1087 2105 1160 2146 cnm
1174 2083 1264 2168 ligno
1279 2080 1379 2169 gracili
1392 2089 1418 2142 et
1491 2122 1492 2145 r

337 2184 421 2247 sicco
442 2183 531 2270 quasi
554 2182 717 2246 miscendo
740 2206 917 2265 commove,
932 2184 1116 2273 videbisque
1137 2186 1245 2250 statim
1270 2183 1417 2271 plumbum
1491 2186 1492 2235 l

337 2287 539 2350 combustum
561 2285 620 2371 ipsi
643 2285 757 2348 favillae
780 2287 871 2373 qnasi
893 2289 1000 2373 gluten
1022 2289 1191 2353 adhaerere.
1239 2288 1315 2364 Quo
1332 2286 1417 2372 ejecto

336 2389 449 2452 iterum
465 2390 619 2452 carbones
637 2410 824 2474 superpone,
846 2398 882 2453 ut
900 2390 1001 2476 primo
1013 2391 1074 2454 'din
1089 2390 1231 2469 sufflans,
1249 2407 1417 2472 rursumque
1491 2466 1492 2469 Ἴ

337 2491 525 2578 discooperi,
545 2500 577 2555 et
599 2499 674 2555 tnnc
694 2492 744 2555 fac
767 2500 802 2554 ut
822 2501 896 2556 ante
918 2493 1028 2557 fecisti.
1075 2493 1172 2568 Quod
1194 2493 1317 2557 tamdiu
1337 2490 1418 2554 facies

337 2594 438 2657 donec
454 2593 619 2678 plumbum
635 2594 765 2657 omnino
783 2595 992 2681 excoquendo
1011 2596 1114 2661 eicias
1162 2595 1289 2660 Deinde
1304 2590 1418 2657 infunde

338 2719 431 2783 super
452 2696 650 2774 infusorium,
670 2697 756 2784 quod
780 2698 820 2760 ad
844 2697 906 2761 hoc
928 2699 1095 2783 aptaveris,
1118 2708 1151 2762 et
1172 2699 1217 2762 sic
1239 2696 1380 2785 probabis
1397 2692 1419 2756 si
1491 2720 1492 2789 p

339 2822 451 2885 purum
472 2800 523 2863 sit.
567 2799 653 2863 Tene
668 2800 744 2863 illud
766 2822 839 2866 cum
862 2799 979 2887 forcipe
1001 2802 1047 2865 ita
1067 2801 1217 2881 candens,
1235 2802 1322 2887 prins
1336 2818 1418 2886 quam

338 2902 537 2989 refrigeretur
551 2913 583 2967 et
608 2913 736 2989 percute
757 2904 869 2989 grandi
893 2903 1006 2967 malleo
1029 2925 1122 2989 super
1140 2903 1290 2967 incudem
1304 2901 1419 2974 fortiter,

338 3013 370 3066 et
396 3005 422 3067 si
449 3004 603 3090 frangitur
627 3015 683 3068 aut
708 3005 846 3084 finditur,
871 3005 976 3069 denuo
1002 3003 1160 3089 oportebit
1182 3004 1260 3068 illud
1285 2999 1419 3090 liquefieri

339 3106 422 3170 sicut
436 3107 532 3193 prins.
578 3106 612 3171 Si
627 3130 702 3172 vero
717 3130 831 3173 sanum
850 3108 1068 3194 permanserit,
1083 3106 1280 3193 refrigerabis
1296 3107 1327 3169 in
1340 3124 1419 3191 aqua,

339 3218 371 3274 et
386 3209 470 3273 aliud
485 3209 596 3274 eodem
613 3210 709 3275 modo
724 3232 852 3297 coques.
895 3208 968 3274 Hoc
982 3231 1115 3296 cuprum
1129 3220 1261 3274 vocatur
1275 3207 1419 3273 torridum.

342 3313 393 3377 Ex
408 3312 470 3378 hoc
484 3335 583 3399 cupro
599 3312 748 3400 quicquid
768 3313 871 3377 facere
886 3312 1019 3377 volueris
1034 3310 1144 3375 ductili
1158 3334 1262 3398 opere,
1278 3313 1311 3375 in
1324 3310 1420 3394 imagi·

341 3415 444 3494 nibus,
467 3425 499 3480 et
520 3417 629 3481 bestiis
652 3426 685 3480 et
708 3416 830 3496 avibus,
853 3415 885 3477 in
910 3413 1054 3479 turibulis
1080 3424 1113 3477 et
1136 3413 1268 3478 diversis
1290 3414 1378 3492 vasis,
1394 3410 1420 3472 in

341 3518 445 3584 limbis
467 3520 655 3597 tabularum,
678 3518 711 3581 in
730 3517 791 3582 filis
810 3526 842 3581 et
863 3518 995 3595 catenis,
1016 3517 1057 3581 ad
1078 3516 1295 3580 deaurandum
1315 3511 1420 3601 operari

342 3622 470 3705 poteris.
517 3621 568 3686 Ex
591 3622 653 3685 hoc
675 3643 773 3707 cupro
796 3620 919 3684 confice
944 3619 1135 3683 auricalcum
1161 3624 1245 3682 cum'
1259 3616 1421 3702 adjectione

335 3721 517 3803 geniminis,
527 3724 639 3788 eodem
653 3724 749 3788 modo
760 3745 826 3810 quo
837 3722 979 3808 superius
994 3743 1037 3785 aes
1048 3721 1258 3785 caldariorum
1269 3738 1421 3805 composu-

342 3823 404 3887 isti.
451 3824 547 3900 Quod
573 3848 644 3891 cnm
669 3836 780 3915 quater
806 3835 861 3889 aut
883 3825 1048 3911 quinquies
1072 3823 1229 3887 recoxeris
1250 3823 1281 3884 in
1303 3818 1421 3885 rasculis

345 3922 436 3989 furno
452 3926 618 4011 impositis,
633 3928 783 4016 quicquid
807 3928 922 3993 exinde
936 3928 969 3989 in
984 3927 1179 3991 diversorum
1194 3946 1323 4012 operum
1337 3920 1422 3986 varie

345 4034 408 4090 tete
424 4026 550 4107 fuderis,
567 4030 686 4115 optime
700 4031 851 4095 deaurare
867 4029 992 4116 poteris.
