3166 5190
295 525 353 585 llll
648 540 839 584 rnuorrrrur
864 540 967 583 ursan
990 542 1027 586 11.

289 693 432 754 obstrucs
448 718 484 757 os
500 693 636 757 fornacis
652 693 828 775 diligenter,
844 714 881 754 ac
898 692 1042 776 superius
1058 692 1201 757 foramen
1218 714 1273 776 per
1297 693 1384 776 quod

289 793 392 856 fumus
417 796 533 873 exibat,
559 816 658 880 usque
685 795 761 856 dum
787 815 843 878 per
863 816 897 856 se
920 794 1091 878 refrigeret.
1137 795 1189 857 Ad
1214 794 1275 857 hoc
1302 796 1386 858 valet

285 895 356 958 calx
372 905 403 958 et
418 897 496 959 cinis
512 918 605 982 super
621 896 771 974 tabulam,
788 906 823 959 ut
838 906 941 959 servet
955 896 1082 974 vitrum,
1098 919 1137 959 ue
1154 918 1249 981 super
1259 896 1382 958 nudum

288 998 427 1061 acalore
451 998 675 1083 confringatur.
722 998 836 1082 Ejecto
857 1008 963 1062 autem
988 999 1069 1061 vitro
1093 999 1203 1084 proba,
1228 998 1253 1061 si
1281 998 1385 1083 possis

288 1122 360 1162 cum
376 1122 481 1186 ungue
497 1109 552 1164 tuo
568 1102 705 1164 colorem
721 1101 868 1180 erodere3
894 1102 919 1163 si
935 1123 1010 1180 non,
1023 1101 1140 1165 sufficit
1154 1102 1193 1180 ei,
1203 1102 1252 1164 sin
1266 1111 1386 1177 autem,

287 1201 398 1265 iterum
423 1225 548 1288 repone.
592 1203 660 1266 Tali
685 1203 781 1265 modo
798 1204 941 1288 partibus
966 1203 1116 1266 omuibus
1141 1203 1251 1282 coctis,
1267 1224 1387 1288 repone

288 1326 381 1388 super
395 1307 535 1368 tabulam
551 1305 692 1390 singulas
707 1304 740 1366 in
755 1327 812 1368 suo
828 1306 919 1385 loco;
943 1305 1058 1368 deinde
1075 1304 1171 1369 funde
1187 1307 1329 1369 calamos
1346 1327 1386 1368 ex

288 1428 366 1490 puro
383 1409 512 1492 plumbo
527 1407 588 1471 boo
604 1406 710 1470 modo.

598 1913 827 2011 CAPUT
883 1913 1070 2009 XXIV.

628 2148 675 2189 DE
697 2146 818 2190 rnnnls
840 2145 1045 2189 Innusonns.

365 2309 424 2373 AC
439 2310 496 2374 tibi
511 2310 591 2374 duos
606 2308 715 2388 ferros,
729 2306 897 2372 latitudine
912 2308 1083 2395 digitorum
1104 2309 1240 2373 duorum
1256 2319 1289 2373 et
1302 2309 1386 2394 spis·

365 2413 500 2476 situdine
521 2411 614 2475 unius
643 2409 743 2495 digiti,
767 2409 1028 2496 longitudineque
1052 2410 1145 2473 unius
1173 2410 1267 2473 olnae.
1314 2409 1386 2474 Hos

287 2515 450 2599 copulabis
473 2515 506 2577 in
520 2535 585 2576 una
608 2511 790 2576 summitate
804 2511 837 2573 in
860 2511 991 2574 modum
1013 2510 1177 2574 cardinum
1192 2522 1229 2574 ut
1244 2511 1304 2575 sibi
1327 2513 1385 2575 ad-

287 2618 438 2695 haereant,
468 2625 500 2679 et
526 2637 590 2679 uno
617 2616 709 2679 clavo
734 2614 909 2692 firmentur,
936 2613 981 2676 ita
1007 2623 1042 2677 ut
1068 2615 1194 2698 possint
1216 2614 1322 2677 claudi
1352 2624 1387 2678 et

287 2718 411 2803 aperiri,
426 2719 504 2780 etin
526 2718 623 2780 altero
646 2717 749 2802 capite
773 2715 1005 2803 aliquantulum
1029 2716 1155 2779 latiores
1171 2724 1203 2780 et
1224 2716 1385 2781 tenuiores

286 2821 340 2898 ita,
356 2828 472 2882 utcum
487 2818 686 2896 clauduntur,
702 2818 744 2881 sit
758 2817 849 2905 quasi
865 2817 988 2881 initium
1004 2818 1166 2882 foraminis
1189 2818 1330 2898 interius,
1352 2830 1386 2883 et

287 2920 456 2985 exteriores
470 2927 567 2985 oostae
590 2919 753 3007 equaliter
775 2919 968 3006 procedant;
1000 2921 1108 3009 sicque
1133 2921 1311 3007 conjunges
1326 2942 1384 2984 eos

288 3045 359 3089 cum
376 3023 460 3101 lima,
476 3031 512 3085 ut
530 3021 608 3085 nihil
623 3021 751 3085 luminis
769 3020 851 3085 inter
871 3043 926 3086 eos
946 3022 1123 3110 perspicere
1143 3025 1257 3111 possis.
1304 3022 1386 3088 Post

289 3127 356 3190 haec
372 3126 531 3212 separabis
547 3147 603 3189 eos
617 3124 659 3187 ab
674 3122 820 3204 invicem,
836 3132 1031 3212 acceptaque
1046 3126 1154 3212 regula
1168 3134 1223 3190 tua
1238 3125 1336 3191 facies
1352 3127 1385 3189 in

289 3229 393 3293 medio
407 3229 500 3293 unius
524 3228 621 3313 partis
636 3225 717 3291 duas
742 3226 853 3306 lineas,
869 3234 901 3290 et
916 3248 934 3290 e
949 3235 1061 3291 contra
1075 3227 1108 3289 in
1132 3226 1238 3292 medio
1253 3228 1385 3292 alterius

287 3332 377 3412 duas,
392 3353 412 3396 a
426 3352 551 3397 summo
566 3351 665 3416 usque
680 3328 830 3393 deorsum
845 3349 943 3415 parva
964 3329 1141 3409 latitudine,
1156 3338 1189 3393 et
1204 3328 1305 3393 fodies
1328 3353 1385 3395 eos

286 3436 368 3501 ferro
394 3434 538 3512 fossorio,
570 3455 634 3519 quo
669 3432 860 3496 candelabra
892 3431 1067 3510 fodiuntur,
1097 3453 1194 3517 quam
1224 3433 1384 3518 profunde

289 3538 433 3617 volueris,
448 3546 480 3600 et
495 3536 569 3599 rade
584 3534 714 3598 interius
729 3534 812 3597 inter
826 3533 907 3597 duas
923 3533 1048 3618 regulas
1063 3533 1222 3596 modicum
1238 3534 1272 3595 in
1294 3543 1384 3599 utro·

288 3662 349 3724 que
367 3639 458 3718 ferro,
474 3649 509 3702 ut
525 3659 598 3701 cum
614 3636 778 3722 plumbum
794 3635 826 3698 in
842 3637 887 3698 eis
910 3634 1039 3713 fuderis,
1054 3656 1118 3697 una
1133 3657 1206 3718 pars
1222 3637 1288 3700 fiat.
1335 3637 1385 3701 Os

287 3762 371 3816 vero,
386 3740 418 3800 in
431 3739 517 3824 quod
527 3736 679 3815 funditur,
691 3739 734 3800 ita
744 3737 915 3815 ordinabis,
927 3747 963 3800 ut
977 3758 1042 3800 una
1058 3758 1129 3823 pars
1146 3737 1217 3800 ferri
1228 3738 1385 3822 jungatur

286 3842 318 3901 in
333 3841 473 3918 alteram,
489 3863 529 3903 ne
544 3842 645 3927 possit
658 3841 692 3903 in
708 3838 870 3903 fundendo
886 3838 1042 3901 vacillare.
1093 3912 1096 3915 ,
