3090 5174
320 491 385 554 420
779 512 960 558 rutenus.

320 672 452 747 graveto
474 663 613 750 maptiza
633 662 708 728 albo
729 663 871 750 plumbo.
929 665 1076 730 ludicum
1099 665 1219 730 incides
1241 665 1282 732 de
1305 669 1421 745 azarie,

321 765 460 851 maptiza
486 766 527 829 de
551 765 625 830 albo
651 766 791 852 plumbo.
846 766 929 831 Item
956 768 1054 835 misce
1070 769 1221 837 ‚indicum
1247 792 1324 836 cum
1350 771 1422 835 albo

320 869 462 953 plumbo,
478 869 598 934 incides
612 871 653 933 de
668 870 783 950 iudico,
798 872 937 955 maptiza
950 872 991 936 de
1005 873 1080 937 albo
1096 873 1238 959 plumbo.
1283 872 1423 940 Crocum

320 972 440 1035 incides
455 973 495 1036 de
514 975 696 1055 vermiculo,
718 975 855 1061 maptiza
877 974 918 1040 de
940 976 1013 1039 albo
1029 977 1170 1062 plumbo.
1217 977 1303 1041 Item
1326 977 1422 1042 misce

321 1097 451 1139 crocum
472 1097 545 1140 cum
565 1076 640 1142 albo
657 1078 799 1164 plumbo,
813 1078 935 1143 incides
949 1079 990 1143 de
1010 1101 1116 1157 croco,
1135 1081 1276 1166 maptiza
1290 1080 1333 1143 de
1348 1080 1420 1145 albo

321 1179 462 1264 plumbo.
510 1178 635 1245 Folium
656 1181 776 1245 incides
797 1182 839 1246 ue
853 1182 955 1268 nigro,
970 1183 1108 1268 maptiza
1128 1184 1171 1249 ue
1186 1183 1261 1249 ubo
1279 1183 1421 1268 puram
1538 1168 1539 1193 ³

323 1280 405 1345 Item
422 1282 518 1348 misce
533 1283 644 1348 folium
659 1305 734 1347 eum
748 1284 822 1349 albo
836 1284 978 1371 plumbo.

628 1574 1108 1583 Ἣ...

373 1778 403 1821 sl
427 1778 482 1823 vls
505 1778 638 1824 eseliau
661 1778 804 1823 hmanas
827 1778 962 1822 AUREAS
984 1779 1053 1822 vm.
1075 1779 1280 1823 Audemus
1303 1781 1372 1824 VEL

546 1883 699 1927 CUPREAB
721 1883 789 1926 vm.
810 1882 919 1927 ERBAS
941 1882 1011 1926 Aul·
1034 1883 1195 1927 FRRRRAS.

323 2050 548 2203 ACCIPE
563 2052 672 2116 limam
682 2061 714 2117 et
724 2054 886 2119 metallum
894 2052 971 2118 illud
984 2061 1016 2117 et
1031 2053 1174 2117 limando
1184 2053 1236 2118 fac
1249 2034 1421 2140 pulverem.
1538 2036 1539 2087 3

452 2154 572 2220 Postea
593 2156 702 2242 accipe
727 2177 891 2242 gammam
913 2155 1094 2242 prunariam
1118 2163 1151 2219 et
1172 2176 1272 2241 pones
1295 2157 1422 2220 camin

321 2268 424 2337 aceto,
447 2258 571 2322 dimitte
584 2280 639 2344 per
662 2258 747 2323 diem
762 2266 794 2323 et
813 2268 941 2323 noctem
956 2268 988 2322 et
1008 2266 1120 2344 postea
1140 2257 1271 2322 extrahe
1290 2258 1380 2324 foras
1394 2269 1423 2324 et

322 2361 410 2425 mitte
433 2383 505 2426 eam
520 2362 553 2426 in
571 2384 689 2449 aquam
706 2362 826 2426 claram
848 2361 1077 2449 aliquantulum
1098 2360 1239 2447 tepidam
1253 2371 1288 2426 et
1310 2362 1356 2427 ibi
1378 2363 1422 2427 di·

321 2465 410 2529 mitte
431 2487 487 2550 per
501 2465 585 2528 diem
602 2474 634 2529 et
648 2474 785 2530 noctem.
830 2465 951 2529 Postea
972 2464 1083 2551 accipe
1104 2485 1269 2551 gummam
1283 2473 1318 2528 et
1331 2466 1422 2529 lima·

319 2577 424 2632 turam
440 2577 472 2631 et
486 2569 570 2632 mole
585 2590 678 2654 super
693 2577 816 2654 petram
831 2567 964 2647 fortiter,
985 2575 1018 2632 et
1031 2567 1223 2654 distempera
1237 2589 1313 2631 cum
1327 2589 1422 2655 aqua,

321 2672 355 2734 in
378 2693 442 2757 qua
463 2672 708 2758 distemperatus
729 2679 780 2736 est
801 2669 904 2757 pulvis
925 2670 987 2750 ille,
1009 2677 1135 2734 tautum
1157 2680 1194 2735 at
1213 2670 1297 2734 bene
1319 2673 1422 2757 possis

320 2774 467 2839 scribere.
511 2773 547 2839 Si
562 2796 627 2840 nou
638 2775 739 2840 habes
753 2793 918 2861 gummam
929 2772 1038 2858 accipe
1050 2773 1228 2838 moniacam
1244 2781 1277 2837 et
1291 2773 1421 2839 distem·

321 2894 398 2958 pera
412 2896 486 2938 cum
501 2895 586 2961 aqua
600 2873 713 2953 calida,
736 2873 767 2936 in
782 2894 847 2961 qua
861 2871 1041 2937 moniacam
1055 2871 1197 2937 dimittes
1211 2893 1268 2958 per
1281 2872 1421 2938 medium

319 2974 415 3038 diem.
466 2974 586 3040 Postea
613 2976 806 3063 distempera
834 2984 870 3040 ut
896 2974 1017 3040 dictum
1047 2982 1096 3039 est
1122 2974 1280 3061 utrinque,
1311 2984 1345 3039 et
1373 2976 1422 3041 fac

318 3075 425 3139 literas
440 3098 521 3163 quas
535 3078 682 3143 volueris.
727 3077 819 3155 Quas
833 3075 942 3167 utique
964 3078 1099 3143 siccatas
1111 3077 1210 3164 polica
1224 3078 1335 3143 leviter
1349 3100 1420 3143 curu

322 3178 419 3242 dente
434 3179 500 3265 lupi
515 3180 565 3244 vel
581 3181 679 3262 canis,
701 3189 735 3245 et
753 3180 935 3268 hujusmodi
955 3189 1013 3246 aut
1027 3202 1099 3246 cum
1119 3181 1225 3268 lapide
1240 3181 1352 3268 polito,
1374 3182 1422 3247 vel

321 3280 539 3347 adamantino.

613 3506 1106 3518 w—

537 3735 568 3779 el
591 3733 648 3777 vis
669 3729 1047 3782 ruomvmlcuuum
1070 3730 1204 3776 BONUM·

406 3865 548 3931 CCIPE
567 3866 740 3952 ampullam
759 3865 892 3929 vitream
912 3873 944 3930 et
962 3864 1019 3957 lini
1038 3886 1110 3930 eam
1130 3865 1171 3930 de
1190 3865 1268 3930 foris
1282 3865 1324 3929 de
1345 3866 1419 3945 luto,

449 3968 499 4032 vel
513 3969 663 4055 argillosa
681 3976 810 4034 terrast
824 3988 907 4054 pone
921 3967 955 4031 in
969 3989 1040 4033 eam
1056 3968 1122 4033 dua
1136 3968 1278 4055 pondera
1293 3969 1418 4033 sullirrie

320 4073 395 4154 albi,
416 4071 467 4137 vel
481 4072 584 4136 crocei
599 4071 725 4152 coloris,
748 4080 781 4136 et
795 4093 894 4135 unum
917 4071 1043 4157 pondus
1065 4072 1189 4159 argenti
1207 4071 1320 4137 viriet
1341 4090 1419 4158 poue

318 4198 414 4265 super
428 4175 509 4240 duas
523 4182 629 4260 petras
643 4182 677 4238 et
688 4182 765 4239 tuuc
779 4195 906 4261 appone
920 4174 1031 4261 ignum
1045 4174 1265 4239 lentissimum.
1300 4174 1418 4239 Tamen

318 4280 482 4367 cooperias
508 4276 674 4364 operculos
700 4277 848 4363 ampullae
872 4277 914 4342 de
938 4299 1039 4364 parva
1063 4279 1173 4365 tegula
1199 4278 1250 4342 vel
1273 4286 1365 4363 petra
1390 4284 1420 4340 cl

318 4383 473 4471 quamdirl
492 4380 609 4446 videris
627 4381 750 4445 firmum
768 4379 899 4445 rubeum
922 4380 1014 4467 quasi
1036 4379 1253 4460 vermiculum,
1275 4379 1322 4443 sic
1347 4378 1419 4444 tolle

319 4483 361 4549 ab
376 4484 461 4570 igne,
481 4493 514 4548 et
528 4484 662 4550 habebis
677 4481 885 4549 vermiculum
901 4482 1032 4547 bonum.
