3144 5184
713 560 902 603 rnaortrltr
928 561 1030 604 nrasn
1054 563 1077 604 1.

654 860 881 960 CAPUT
938 864 1112 960 XXIL

792 1102 837 1143 DE
860 1103 986 1145 EODEM.

346 1240 617 1396 COMPONE
632 1264 768 1336 quatuor
783 1252 911 1338 lapides,
927 1254 981 1339 qui
1009 1254 1131 1338 possint
1146 1255 1252 1339 ignem
1277 1254 1444 1334 sustinere,

436 1349 480 1412 ita
495 1363 609 1415 utnon
625 1352 773 1432 resiliant,
789 1365 822 1418 et
843 1377 936 1439 super
951 1355 1037 1441 ipsos
1052 1378 1135 1442 pone
1158 1356 1252 1420 ollam
1273 1357 1396 1433 rudem,
1411 1367 1445 1419 ct

341 1456 374 1520 in
404 1480 475 1522 eam
502 1457 591 1518 mitte
621 1478 717 1541 supra
741 1456 861 1520 dictum
888 1458 1007 1542 gummi
1034 1458 1144 1537 fornis,
1174 1458 1261 1544 quod
1281 1456 1441 1522 'Romane

341 1560 447 1644 glossa
462 1558 576 1621 dicitur
588 1557 611 1637 ¹,
627 1569 659 1621 et
674 1581 768 1644 super
783 1581 819 1621 os
839 1558 933 1644 hujus
948 1560 1019 1623 ollae
1035 1581 1118 1644 pone
1131 1560 1259 1623 ollulam
1275 1559 1441 1636 minorem,

341 1684 413 1747 quae
443 1660 539 1723 habet
562 1659 594 1722 in
620 1660 719 1723 fundo
746 1660 906 1723 modicum
932 1660 1083 1738 foramen,
1113 1669 1146 1723 et
1174 1660 1388 1724 circumlinies
1413 1660 1441 1724 ei

342 1771 477 1849 pastam,
492 1761 536 1825 ita
551 1771 587 1825 ut
602 1761 681 1825 nihil
695 1761 875 1847 spiraminis
890 1762 971 1825 inter
980 1762 1065 1848 ipsas
1074 1764 1154 1827 ollas
1164 1771 1266 1827 exeat.
1315 1763 1442 1827 Deinde

342 1887 486 1950 suppone
521 1865 628 1948 ignem
666 1865 840 1951 diligenter,
871 1864 973 1928 donec
1003 1865 1107 1951 ipsum
1137 1865 1258 1951 gummi
1287 1865 1440 1953 liquefiat

345 1964 488 2031 Habebis
510 1968 605 2031 etiam
626 1967 742 2030 sermm
757 1967 875 2053 gracile
897 1976 929 2031 et
952 1966 1117 2031 manubrio
1139 1966 1337 2052 impositum,
1357 1968 1440 2031 unde

342 2070 557 2133 commovebis
586 2069 692 2156 ipsum
722 2070 854 2155 gummi,
881 2079 1009 2132 etcum
1039 2068 1154 2132 sentire
1175 2068 1279 2153 possis
1308 2069 1438 2154 quando

341 2172 472 2236 omnino
480 2172 634 2258 liquidum
645 2171 694 2235 sit.
720 2170 849 2235 Habeas
861 2193 989 2257 quoqne
998 2171 1093 2234 ollam
1105 2170 1229 2234 tertiam
1240 2170 1335 2255 juxta
1345 2191 1440 2257 super

341 2274 495 2338 carbones
507 2274 653 2359 positam,
665 2273 697 2337 in
707 2295 771 2360 qua
783 2273 824 2336 sit
833 2275 936 2337 oleum
947 2272 1002 2335 lini
1011 2272 1162 2352 calidum3
1185 2281 1219 2336 et
1233 2294 1306 2335 cum
1316 2273 1437 2357 gummi

341 2376 466 2461 penitus
481 2376 635 2462 liquidum
658 2376 761 2454 fuerit,
776 2376 820 2438 ita
841 2385 877 2438 ut
899 2382 1042 2438 extracto
1058 2375 1139 2438 ferro
1154 2373 1246 2460 quasi
1269 2374 1359 2437 filum
1375 2383 1438 2438 tra·

341 2477 443 2558 hatur,
459 2477 588 2541 infunde
603 2477 632 2541 ei
654 2478 757 2541 oleum
782 2477 918 2541 calidum
933 2486 966 2540 et
980 2477 1062 2541 ferro
1084 2498 1260 2555 commove,
1276 2484 1309 2540 et
1323 2476 1369 2540 sic
1393 2477 1437 2540 in-

340 2580 432 2643 simul
456 2601 558 2664 coque
584 2587 620 2641 ut
642 2600 705 2641 uon
720 2579 843 2658 bulliat,
858 2590 890 2642 et
913 2578 1071 2643 interdum
1093 2577 1223 2641 extrahe
1250 2578 1378 2657 ferrum,
1405 2588 1435 2642 et

340 2680 395 2741 lini
410 2679 533 2743 modice
549 2702 643 2764 super
658 2680 777 2764 lignum
793 2682 860 2745 sive
874 2703 968 2767 super
982 2681 1130 2766 lapidem,
1147 2690 1183 2743 ut
1202 2680 1318 2766 probes
1332 2680 1435 2744 densi·

340 2790 440 2843 tatem
454 2781 533 2864 ejus.
579 2779 623 2843 Et
647 2780 708 2844 hoc
730 2802 844 2847 caveas
869 2784 902 2846 in
928 2782 1077 2868 pondere,
1093 2792 1129 2844 ut
1147 2782 1210 2845 sint
1235 2782 1308 2845 duae
1331 2791 1434 2867 partes

340 2882 411 2959 olei,
426 2891 459 2945 et
473 2882 564 2945 tertia
579 2882 710 2968 gummi.
755 2882 901 2972 Cumque
915 2884 957 2949 ad
980 2884 1104 2948 libitum
1120 2893 1209 2948 tuum
1225 2884 1350 2948 coxeris
1365 2884 1433 2947 dili·

339 2996 460 3071 genter,
476 2985 517 3049 ab
533 2985 605 3071 igne
621 3007 787 3049 removens
802 2997 835 3050 et
849 2987 1082 3073 discooperiens
1098 2987 1275 3073 refrigerari
1291 2987 1369 3051 sine.

639 3511 871 3609 CAPUT
921 3513 1135 3610 XXIH.

521 3732 568 3774 ΒΕ
590 3731 704 3775 straus
728 3732 964 3784 aQuns‘rmnus
987 3732 1028 3776 BT
1050 3732 1245 3777 oeroroats.

338 3876 537 4027 SELLAS
560 3889 667 3944 autem
683 3890 843 3968 equestres
865 3890 898 3945 et
911 3881 1082 3960 octoforos,
1097 3880 1130 3943 id
1153 3890 1203 3945 est
1220 3883 1315 3946 sellas
1336 3882 1428 3969 plica·

418 3978 524 4058 turias,
540 3982 689 4063 scabella,
705 3993 891 4070 caeteraque,
907 4004 979 4070 quae
1004 3983 1201 4069 sculpuntur,
1224 3994 1257 4049 et
1278 4007 1342 4050 non
1360 4006 1428 4070 pos·

336 4091 410 4144 suut
424 4082 510 4146 corio
526 4083 574 4148 vel
601 4105 709 4170 panno
731 4085 894 4170 cooperiri,
910 4107 984 4149 mox
1000 4093 1036 4148 ut
1057 4086 1172 4150 raseris
1194 4087 1288 4167 ferro,
1304 4087 1426 4151 fricabis

334 4183 497 4268 aspcrclla,
513 4185 620 4272 sicque
646 4187 695 4252 bis
718 4188 891 4266 dealbabis,
907 4196 939 4251 et
960 4209 1033 4251 cum
1049 4188 1135 4254 sicce
1157 4189 1282 4268 fuerint,
1305 4209 1423 4271 rursum

334 4283 487 4368 asperella
511 4286 664 4371 planabis.
711 4289 859 4353 Posthaec
874 4289 906 4352 iu
931 4288 1049 4356 circino
1072 4301 1105 4356 ct
1128 4286 1237 4380 regula
1264 4295 1380 4372 metire,
1395 4301 1424 4355 et

630 4486 636 4517 ⁸
649 4492 663 4515 ‘⁶
676 4489 743 4537 aliter
756 4488 895 4549 Arabicum,'
912 4509 939 4542 et
949 4495 974 4542 C.
988 4495 1020 4543 a
1031 4496 1136 4544 Parsis.
