3096 5168
682 536 873 579 THEOPIIILI
899 535 1000 578 LIBER
1026 537 1061 578 ΙΙ.

663 840 890 936 CAPUT
943 837 1064 931 VII.

698 1052 741 1092 DE
763 1048 895 1092 CROCEO
920 1047 1034 1089 vim.

403 1188 500 1252 UOD
523 1189 548 1252 si
565 1189 678 1252 videris
693 1210 749 1251 vas
770 1186 896 1272 aliquod
919 1186 950 1248 in
971 1205 1119 1248 croceum
1137 1183 1276 1245 colorem
1292 1184 1417 1261 mutari,

421 1292 488 1355 sine
505 1291 579 1354 illud
596 1291 688 1377 coqui
704 1311 802 1375 usque
815 1289 926 1352 horam
938 1287 1073 1363 tertiam,
1084 1298 1116 1348 et
1127 1285 1259 1348 habebis
1270 1306 1418 1349 croceum

319 1396 396 1471 leve,
411 1402 443 1455 et
458 1413 587 1476 operare
604 1391 677 1454 inde
692 1401 848 1478 quantum
864 1389 999 1453 volueris
1020 1388 1129 1452 ordine
1149 1409 1214 1473 quo
1233 1409 1338 1472 supra.
1386 1386 1419 1450 Si

319 1505 426 1558 autem
442 1495 489 1556 vis
505 1493 648 1579 permitte
664 1493 759 1580 coqui
775 1514 876 1579 usque
894 1491 934 1556 ad
956 1491 1067 1554 horam
1089 1500 1211 1553 sextam
1232 1498 1265 1553 et
1284 1489 1420 1554 habebis

319 1618 466 1660 croceum
482 1597 710 1677 rubicundum;
734 1597 785 1661 fac
800 1597 896 1660 etiam
911 1595 985 1659 inde
1000 1594 1086 1681 quod
1101 1594 1234 1658 libuerit„

652 2160 882 2258 CAPUT
933 2159 1095 2256 VIII.

680 2372 725 2415 DE
748 2369 931 2415 PURPUREO
954 2368 1068 2412 vulco.

326 2507 401 2660 Sl
422 2532 496 2573 vero
512 2509 708 2594 perspexeris
723 2507 809 2594 quod
825 2528 859 2570 se
875 2505 955 2570 forte
971 2528 1027 2569 vas
1042 2506 1169 2591 aliquod
1185 2506 1218 2568 iu
1234 2506 1358 2571 fulvum
1375 2532 1427 2573 co·

415 2612 512 2675 lorem
537 2622 710 2691 convertat,
735 2610 789 2698 qui
815 2609 901 2674 carni
926 2609 1036 2673 similis
1060 2619 1118 2687 est,
1143 2608 1204 2673 hoc
1230 2610 1344 2673 vitrum
1372 2634 1428 2698 pro

326 2712 512 2774 membrana
523 2713 651 2790 habeto,
663 2724 695 2776 et
707 2713 852 2777 auferens
863 2712 937 2776 inde
948 2721 1102 2798 quantum
1116 2712 1262 2791 volueris,
1272 2714 1429 2800 reliquum

326 2836 427 2900 coque
443 2837 499 2900 per
513 2815 592 2878 duas
613 2815 719 2894 horae,
735 2816 879 2879 videlicet
898 2836 919 2877 a
940 2814 1038 2900 prirna
1060 2836 1160 2900 usque
1180 2814 1221 2877 ad
1241 2814 1384 2894 tertiam,
1399 2825 1431 2879 et

326 2915 458 2980 habebis
472 2939 661 3002 purpuream
677 2918 789 2998 levem,
800 2928 834 2982 et
848 2937 971 2981 rursum
987 2924 1113 2980 coctum
1128 2936 1148 2978 a
1163 2916 1255 2979 tertia
1268 2936 1373 3001 usque
1388 2916 1428 2979 ad

327 3027 460 3097 sextam,
475 3019 534 3084 erit
549 3040 686 3106 purpura
701 3019 770 3084 rufa
786 3030 883 3106 atque
899 3017 1047 3104 perfecta.

691 3583 923 3680 CAPUT
972 3583 1062 3678 IX.

574 3795 619 3837 DE
643 3793 852 3838 DILA'I'ANDIS
876 3794 1011 3838 vmms
1034 3793 1190 3837 ranulam.

405 3930 476 3993 UM
508 3940 614 3995 autem
643 3954 682 3995 ex
714 3931 763 3994 his
792 3932 950 3995 coloribus
976 3942 1126 4018 operatus
1153 3931 1248 3995 fueris
1274 3944 1435 4019 quantum

433 4031 581 4117 potueris,
598 4042 629 4095 et
644 4033 759 4096 vitrum
780 4033 814 4096 in
835 4032 926 4097 furno
948 4033 1166 4118 refrigeratum
1188 4032 1291 4110 fuerit,
1306 4056 1436 4120 expone

332 4137 513 4201 universum
529 4157 610 4220 opus
627 4146 726 4213 tuum,
739 4146 771 4199 et
782 4135 833 4199 fac
849 4134 954 4220 ignem
970 4134 1132 4219 copiosum
1149 4134 1279 4198 accendi
1294 4135 1327 4197 iu
1339 4136 1437 4200 furno

333 4240 365 4303 iu
380 4260 444 4324 quo
459 4237 554 4301 debet
568 4238 692 4300 dilatari
707 4248 738 4300 et
753 4238 881 4324 aequari.
927 4235 1001 4311 Quo
1020 4235 1175 4298 candente
1193 4235 1300 4321 accipe
1315 4236 1437 4301 serrum

332 4341 481 4420 calidum,
498 4351 529 4404 et
544 4339 667 4403 findens
682 4362 777 4403 uuam
793 4348 915 4425 partein
934 4336 1014 4415 vitri,
1030 4359 1113 4422 pone
1134 4361 1228 4424 super
1243 4340 1340 4403 larem
1356 4363 1438 4405 can·

332 4442 438 4505 dentis
454 4441 547 4518 furni,
563 4450 594 4503 et
615 4463 687 4503 curu
706 4442 837 4525 coeperit
851 4439 974 4518 molliri,
992 4439 1066 4502 tolie
1083 4438 1234 4525 forcipem
1252 4443 1387 4507 ferreum
1406 4456 1439 4507 et
