3166 5190
442 1060 705 1144 INCIPIT
759 1060 964 1145 LIBER
1015 1058 1309 1144 TERTIUS.

727 1560 956 1655 CAPUT
1029 1561 1067 1656 L

613 1781 658 1824 nu
680 1781 960 1826 CONSTRUC'I'IONE
984 1781 1151 1824 FABBIOAE.

449 1926 610 1993 DlFlCA
630 1928 686 1993 tibi
707 1931 838 1994 domum
858 1931 1032 2017 spatiosam
1050 1940 1083 1994 et
1098 1931 1211 2010 altam,
1226 1930 1313 2016 eujus
1327 1926 1414 2013 longi·

478 2029 555 2094 tudo
570 2030 609 2093 ad
627 2031 780 2096 orientem
795 2032 954 2111 tendatur,
970 2032 1002 2096 in
1017 2033 1108 2120 cujus
1124 2033 1244 2120 pariete
1259 2029 1413 2095 meridiano

330 2134 426 2199 facies
452 2133 606 2198 fenestras
631 2143 711 2220 quot
736 2134 875 2198 volueris
905 2145 938 2199 et
967 2136 1080 2220 possis,
1107 2136 1155 2200 ita
1185 2145 1221 2200 ut
1249 2134 1326 2197 inter
1345 2131 1415 2194 duas
1543 2168 1544 2193 2

329 2235 483 2301 fenestras
512 2236 651 2323 quinque
687 2237 784 2321 pedes
819 2236 893 2301 sint.
941 2237 1058 2301 Divide
1093 2246 1202 2302 antem
1232 2234 1415 2300 medietatem
1543 2250 1544 2331 ξ

329 2339 445 2403 domus
467 2339 509 2403 ad
531 2361 612 2424 opus
634 2339 725 2403 fusile
747 2339 939 2419 faciendum,
957 2348 991 2403 et
1012 2361 1147 2424 cuprum
1170 2362 1209 2405 ae
1231 2349 1370 2425 stagnum
1389 2343 1417 2399 et

330 2442 494 2527 plumbum
523 2442 730 2527 operandum,
759 2464 825 2507 uno
860 2442 979 2528 pariete
1014 2464 1115 2529 osque
1144 2443 1189 2507 ad
1218 2440 1417 2506 summitatem

329 2544 515 2623 altitudinis,
530 2555 563 2609 et
577 2567 699 2610 rursum
714 2545 821 2610 divide
835 2545 922 2632 quod
942 2543 1098 2630 reliquum
1118 2554 1169 2609 est
1189 2546 1223 2609 in
1238 2544 1300 2609 duo
1320 2543 1349 2605 in
1362 2560 1417 2605 uno

330 2646 460 2730 pariete,
473 2647 723 2733 adoperandum
737 2649 771 2711 in
784 2669 851 2712 una
864 2656 953 2733 parte
965 2668 1087 2727 aurum,
1097 2647 1129 2710 in
1141 2647 1243 2712 altera
1258 2653 1417 2733 algentium.
1544 2664 1545 2733 l

332 2745 491 2813 Fenestrae
511 2771 586 2814 vero
609 2772 674 2814 non
697 2750 857 2815 emineant
877 2750 970 2814 altius
991 2771 1011 2813 a
1031 2760 1113 2813 terra
1133 2772 1234 2837 quam
1257 2770 1318 2813 nno
1338 2745 1418 2833 pede,
1544 2752 1545 2785 ³

330 2870 463 2935 quarum
478 2850 614 2915 altitudo
630 2854 671 2916 sit
686 2853 782 2916 trium
798 2853 926 2937 pedum,
942 2851 1075 2915 latitudo
1091 2851 1238 2916 duorum.

628 3106 1130 3118 —-..--—---—..-..—--—-—

697 3289 927 3388 CAPUT
985 3292 1059 3387 IL

678 3513 723 3555 ΒΕ
745 3512 832 3554 SBDE
855 3512 1089 3556 ommium.

333 3660 572 3812 DEINDE
594 3661 667 3727 fode
689 3662 807 3726 fossam
829 3672 904 3726 ante
922 3662 1105 3741 fenestram,
1121 3684 1140 3724 a
1155 3662 1274 3748 pariete
1289 3662 1421 3725 fenestra

457 3764 537 3849 pede
566 3774 599 3829 et
626 3763 768 3841 dimidio,
798 3785 870 3849 quoe
900 3762 997 3826 stabit
1027 3763 1060 3827 in
1089 3774 1281 3845 transverso,
1310 3762 1421 3827 habens

329 3865 534 3951 longitudinis
555 3867 651 3930 trium
671 3867 800 3953 pedum,
820 3865 996 3930 latitudinis
1010 3867 1156 3945 duorum,
1172 3888 1269 3954 quam
1290 3876 1375 3930 taxes
1393 3863 1422 3924 in

328 3966 461 4030 circuitu
481 3967 585 4054 lignis,
601 3991 737 4056 quorum
758 3968 917 4054 lignorum
937 3967 1002 4032 duo
1023 3967 1056 4031 in
1076 3967 1182 4032 medio
1202 3977 1315 4033 contra
1328 3967 1422 4031 fenea·

329 4079 411 4133 tram
434 4071 650 4155 procedente
672 4072 759 4136 fossa
784 4070 949 4136 altitudine
975 4070 1097 4135 dimidii
1122 4069 1222 4157 pedis,
1245 4086 1422 4156 superque

323 4172 480 4260 jungatur
494 4173 603 4239 disens
616 4197 699 4240 unus
714 4176 769 4262 qui
783 4173 945 4260 cooperiat
963 4195 1068 4260 genua
1086 4173 1262 4238 sedentium
1281 4173 1314 4234 in
1333 4170 1422 4243 fossa,

328 4276 495 4342 latitudine
520 4278 656 4343 duorum
683 4278 810 4364 pedum,
836 4276 1033 4363 longitudine
1062 4276 1167 4354 trium,
1192 4275 1225 4338 in
1251 4283 1422 4338 transverso

329 4401 423 4467 super
452 4380 582 4461 fossam,
614 4382 658 4445 ita
691 4379 832 4466 aequalis,
861 4388 897 4442 ut
926 4379 1077 4466 quiequid
1110 4378 1255 4443 minutim
1285 4376 1351 4440 auri
1378 4369 1423 4434 rel

328 4484 450 4568 argenti
466 4485 601 4569 desuper
616 4481 775 4562 ceciderit,
791 4483 894 4568 possit
906 4482 1075 4568 diligenter
1090 4482 1223 4568 scopari.
