3166 5190
334 565 397 628 234
676 581 869 625 rasorium
896 580 999 624 urnas
1024 583 1076 626 111.

333 735 422 799 trabe
446 756 519 798 curn
545 734 657 797 subula
678 734 792 796 obtusa
807 734 838 794 in
864 733 968 796 medio
991 733 1227 796 similitudinem
1253 733 1340 818 agni,
1364 733 1425 796 sive

335 837 499 899 dexteram
515 836 605 921 quasi
620 835 659 897 de
670 836 750 898 coelo
765 834 1008 898 descendentem
1020 846 1051 897 et
1066 836 1254 920 signantem,
1267 845 1299 898 et
1313 836 1428 898 litteras

333 940 413 1001 inter
436 939 506 1002 illos
531 938 612 1001 duos
639 938 783 1015 circulos,
799 946 894 1022 atque
919 959 992 1000 curn
1014 937 1096 1001 ferro
1119 937 1253 1001 fossorio
1278 938 1429 1001 subtiliter

334 1041 417 1119 fode,
435 1042 556 1125 poliens
571 1040 612 1103 ad
628 1039 777 1102 effectum
793 1040 875 1102 sicut
890 1040 1031 1102 calicem.

622 1346 961 1356 ---—--—--———--
971 1348 987 1352 a.
1000 1348 1109 1354 -.--..--
1126 1352 1131 1353 γ

611 1589 851 1686 CAPUT
909 1589 1142 1684 XXVII.

498 1814 543 1854 DE
567 1813 701 1855 Masona
723 1812 847 1855 caules
871 1812 912 1854 ET
936 1813 1134 1875 leunsinem
1159 1812 1249 1854 ΕΗΒ.

414 1954 513 2019 UOD
537 1957 562 2019 si
586 1958 715 2021 calicem
738 1979 888 2041 magnum
914 1966 1098 2040 argenteum
1114 1956 1267 2018 fabricare
1282 1956 1430 2032 volueris,

441 2070 585 2147 quatuor,
601 2070 655 2122 ant
670 2081 737 2139 sex,
750 2082 805 2122 seu
820 2059 929 2121 decem
944 2080 1130 2134 marcarum,
1147 2058 1248 2142 primo
1264 2059 1339 2143 igne
1354 2081 1431 2143 pur·

332 2162 422 2248 gabis
438 2174 470 2225 et
483 2161 632 2247 probabis
647 2172 751 2225 totum
766 2170 944 2245 argentum,
959 2160 1075 2224 dehinc
1090 2161 1212 2224 divides
1226 2161 1338 2224 ordine
1364 2184 1431 2249 quo

331 2288 434 2351 supra.
461 2265 608 2328 Posthac
624 2264 731 2350 accipe
753 2264 835 2327 duos
857 2262 956 2326 ferros
978 2268 1068 2348 reque
1092 2264 1205 2347 longos
1228 2272 1261 2326 et
1279 2262 1375 2342 latos,
1390 2263 1431 2327 ad

331 2389 511 2430 mensuram
527 2366 634 2451 palmi,
650 2374 683 2429 et
697 2366 779 2428 sicut
795 2365 916 2428 festuca
940 2365 1069 2449 spissos,
1084 2365 1246 2452 aqualiter
1261 2387 1432 2450 percussos

331 2478 363 2531 et
377 2490 473 2533 sanos
488 2468 575 2531 etad
591 2467 754 2530 runcinam
770 2467 937 2551 diligenter
952 2477 1094 2553 aequatos
1107 2492 1115 2545 3
1138 2466 1220 2531 inter
1234 2489 1317 2553 quos
1332 2468 1432 2532 facies

330 2572 497 2656 corrigiam
519 2571 651 2633 ferream
674 2569 836 2655 aqualiter
857 2591 1039 2654 percussam
1065 2592 1103 2634 ac
1126 2571 1327 2635 mediocriter
1349 2574 1432 2658 spis-

330 2694 409 2750 sam,
424 2693 520 2759 quam
536 2672 740 2758 complicabis
756 2673 787 2733 in
809 2673 939 2735 modum
964 2672 1070 2736 circuli
1094 2695 1133 2735 ea
1157 2674 1383 2757 amplitudine,
1397 2684 1433 2738 ut

329 2774 385 2837 tibi
401 2773 545 2836 videatur
559 2774 646 2859 quod
662 2774 762 2859 possit
777 2774 900 2858 impleri
922 2774 975 2838 illo
990 2787 1136 2861 argeum,
1151 2776 1237 2863 quod
1254 2776 1286 2837 in
1302 2798 1343 2839 eo
1360 2778 1432 2840 fun·

328 2875 402 2937 dere
420 2875 475 2938 ris.
522 2876 653 2939 Etcum
670 2877 844 2962 plicaveriS,
861 2899 925 2940 non
949 2878 1127 2962 conjunges
1150 2877 1266 2963 capita,
1282 2879 1342 2941 sed
1360 2902 1431 2942 mo·

328 2978 399 3040 dice
425 2979 597 3062 separabis,
627 2989 663 3042 ut
692 2979 833 3043 foramen
864 2989 1029 3065 appareat,
1059 3002 1116 3065 per
1145 2980 1231 3065 quod
1261 2981 1432 3045 infundere

328 3081 442 3163 possis.
488 3080 584 3143 Hunc
599 3082 751 3144 circulum
777 3081 902 3166 aptabis
921 3081 1004 3143 inter
1026 3080 1107 3144 duos
1128 3081 1228 3144 ferros
1250 3083 1432 3168 aequaliter,

327 3183 373 3247 ita
383 3193 418 3246 ut
427 3185 531 3269 capita
542 3186 641 3270 ipsius
656 3196 747 3249 extra
755 3186 854 3249 ferros
866 3207 979 3270 parum
988 3195 1173 3271 appareant,
1183 3195 1215 3248 et
1226 3187 1433 3271 constringes

328 3308 384 3348 eos
399 3287 499 3349 tribus
514 3287 618 3350 curris
641 3288 728 3350 ferris
751 3286 885 3351 fortibus
900 3288 932 3350 in
954 3288 1055 3351 tribus
1078 3288 1168 3366 locis,
1185 3287 1335 3351 videlicet
1350 3289 1431 3352 infe·

328 3388 392 3451 rius
408 3397 493 3452 etex
510 3399 642 3476 utraque
659 3398 747 3474 parte
763 3390 857 3474 juxta
872 3389 1026 3464 foramen,
1040 3390 1150 3476 sicque
1172 3389 1262 3452 linies
1278 3391 1429 3475 argillam

329 3500 520 3555 maceratam
536 3493 619 3555 circa
634 3492 784 3555 circulum
801 3492 881 3554 inter
895 3492 996 3555 ferros
1011 3501 1043 3554 et
1065 3491 1149 3554 circa
1162 3491 1308 3554 foramen
1323 3493 1429 3557 abun·

328 3594 451 3659 denter.
496 3596 603 3671 Quam
634 3597 779 3674 formam,
806 3618 880 3658 cum
909 3596 1028 3659 siccata
1057 3594 1160 3671 fuerit,
1190 3593 1372 3673 calefacies,
1400 3606 1432 3659 et

327 3698 532 3783 liquefactum
555 3708 722 3784 argentum
746 3698 887 3762 infunde.
933 3697 1039 3762 Omne
1063 3719 1176 3760 aarum
1199 3707 1231 3760 et
1256 3708 1429 3782 argentum

327 3799 411 3883 quod
429 3800 483 3862 tali
499 3800 595 3864 modo
611 3801 760 3879 funditur,
776 3800 835 3864 nisi
850 3800 1016 3886 contingat
1031 3821 1069 3863 ex
1087 3820 1203 3885 magna
1220 3799 1429 3884 negligentia,

326 3921 450 3983 semper
465 3910 514 3963 est
529 3923 641 3965 sanum
656 3904 697 3966 ad
713 3902 909 3988 operandum
925 3902 956 3964 in
972 3924 1011 3966 eo
1035 3902 1260 3988 quodcumque
1275 3902 1427 3967 volueris.

327 3999 471 4064 Circulos
487 4012 590 4066 autem
607 4005 780 4068 secundum
797 4005 1016 4090 quantitatem,
1032 4025 1129 4089 quam
1154 4002 1321 4066 infundere
1336 4005 1428 4067 rolu-

325 4102 397 4180 eris,
423 4105 632 4183 mensurabis,
648 4116 680 4169 et
702 4106 799 4170 facies
823 4106 959 4190 majores
984 4115 1016 4169 et
1040 4107 1199 4183 minores;
1223 4104 1330 4167 fusum
1349 4127 1425 4169 rero

326 4216 493 4292 argentum
509 4217 678 4295 postquam
694 4208 886 4295 percusseris
900 4218 1055 4293 utsupra,
1073 4217 1106 4270 et
1120 4208 1187 4271 vasi
1210 4206 1350 4270 formam
1371 4208 1429 4271 de-

325 4309 418 4391 deris,
433 4311 530 4396 imple
545 4311 620 4374 illud
643 4312 717 4376 cera
732 4320 765 4374 et
787 4318 915 4396 percute
931 4311 963 4371 in
979 4320 1098 4386 ventre,
1115 4310 1140 4373 si
1158 4308 1294 4373 volneris
1316 4319 1427 4374 costas

324 4415 461 4499 aequales
477 4415 542 4477 sive
559 4413 721 4491 rotundas,
736 4433 808 4499 quae
823 4421 909 4475 stent
923 4412 955 4473 in
980 4412 1112 4474 circuitu
1137 4412 1218 4475 sicut
1233 4410 1426 4488 cochlearia,

323 4517 409 4600 quod
437 4539 516 4601 opus
547 4527 715 4600 utrumque
744 4534 894 4597 magnum
926 4522 1073 4576 ornatum
1101 4513 1157 4577 dat
1185 4512 1285 4576 calici.
1332 4511 1426 4585 Quas
