3096 5168
619 552 806 597 annosum
830 553 935 598 masa
958 556 993 600 11.

621 837 857 935 CAPUT
904 838 995 935 Vl.

440 1058 611 1108 QUOMODO
633 1060 836 1104 OPERENTUR
859 1061 994 1105 xlmis
1016 1060 1169 1106 TABULAE.

358 1209 452 1273 ΑΝΕ
475 1221 580 1273 autem
596 1210 673 1274 hora
697 1211 796 1298 prima
819 1212 927 1298 accipe
949 1212 1087 1276 fistulam
1110 1210 1254 1290 ferream,
1270 1223 1304 1276 et
1325 1214 1355 1277 si

371 1312 496 1375 tabulas
518 1312 621 1375 facere
643 1314 778 1376 volueris
801 1315 926 1393 vitreas,
942 1335 1025 1399 pone
1046 1314 1261 1378 summitatem
1284 1317 1356 1401 ejus

255 1415 287 1477 in
303 1435 359 1478 vas
381 1436 489 1491 unum,
505 1413 586 1477 vitro
601 1415 746 1499 plenum;
771 1416 822 1479 oui
845 1438 917 1479 cum
942 1415 1119 1495 adhaeserit,
1135 1417 1226 1480 volve
1248 1416 1355 1503 ipsam

254 1517 392 1580 fistulam
413 1515 446 1577 in
469 1536 565 1578 manu
588 1525 643 1580 tua
663 1518 765 1581 donec
780 1519 1032 1604 conglomeratur
1045 1519 1128 1583 cirea
1150 1540 1233 1598 eam,
1248 1541 1355 1606 quan-

254 1626 323 1681 tum
337 1619 491 1697 volueris;
515 1640 653 1706 moxque
668 1620 796 1706 ejiciens
810 1642 936 1707 appone
950 1621 996 1683 ori
1013 1631 1068 1685 tuo
1083 1629 1116 1684 et
1136 1620 1229 1684 suffla
1249 1621 1355 1685 modi-

255 1741 338 1798 cum,
349 1721 518 1806 statimque
534 1742 698 1787 removens
713 1723 754 1786 ab
769 1745 823 1787 ore
840 1734 910 1787 tene
920 1724 1014 1809 juxta
1025 1721 1197 1801 maxillam,
1207 1744 1247 1787 ne
1259 1723 1354 1804 forte,

254 1822 280 1885 si
297 1824 461 1887 retraxeris
476 1825 660 1904 anhelitum,
676 1826 783 1889 trahas
798 1826 962 1889 flammam
976 1825 1009 1887 in
1025 1845 1062 1888 os
1072 1832 1175 1887 tuum.
1221 1822 1354 1889 Habeas

254 1946 381 2011 quoque
396 1926 532 2011 lapidem
548 1928 701 2014 aequalem
724 1936 797 1992 ante
820 1926 991 1992 fenestram
1006 1947 1102 2012 super
1115 1947 1211 2012 quem
1226 1925 1354 1990 modice

254 2029 409 2113 percuties
430 2028 533 2114 ipsum
552 2029 692 2094 candens
708 2030 834 2110 vitrum,
848 2039 884 2093 ut
904 2028 1067 2116 aqualiter
1088 2050 1129 2093 ex
1151 2027 1239 2092 omni
1259 2040 1353 2114 parte

253 2131 401 2217 pendeat,
416 2141 449 2195 et
463 2133 569 2197 statim
586 2155 659 2197 cum
675 2133 876 2197 festinatione
891 2133 1003 2197 crebro
1019 2131 1162 2211 sufflans,
1174 2129 1292 2195 totiens
1306 2131 1352 2195 ab

253 2258 308 2300 ore
331 2257 468 2300 remove.
523 2233 669 2322 Cumque
691 2235 808 2299 videris
831 2235 909 2299 illud
931 2234 1022 2321 quasi
1046 2234 1183 2298 vesicam
1206 2234 1351 2319 longam,

253 2337 370 2401 adhibe
393 2338 608 2402 summitatem
633 2339 700 2424 ejus
724 2339 765 2402 ad
791 2339 966 2418 flammam,
988 2346 1020 2401 et
1042 2336 1151 2400 statim
1176 2335 1351 2422 liquefacto

252 2441 417 2525 apparebit
438 2441 591 2520 foramen,
614 2450 810 2526 acceptoque
830 2440 918 2526 ligno
941 2438 981 2504 ad
1005 2439 1067 2503 hoc
1088 2460 1169 2524 opus
1190 2447 1277 2524 apto,
1296 2437 1352 2502 fac

252 2540 394 2605 foramen
411 2544 552 2629 amplum
566 2544 648 2608 sicut
662 2553 710 2608 est
727 2543 759 2606 in
782 2542 898 2607 medio.
945 2541 1071 2606 Deinde
1085 2541 1243 2627 conjunge
1258 2561 1350 2605 oram

251 2642 360 2728 ipsius,
382 2646 574 2731 superiorem
596 2646 741 2710 videlicet
762 2654 884 2731 partem
907 2645 948 2708 ad
970 2644 1160 2722 inferiorem,
1181 2643 1228 2706 ita
1249 2652 1285 2708 ut
1306 2666 1350 2708 ex

251 2754 384 2831 utraque
414 2755 503 2832 parte
528 2748 758 2834 conjunctionis
785 2747 926 2811 foramen
953 2754 1114 2833 appareat
1168 2745 1351 2833 Statimque

251 2870 323 2912 cum
347 2848 477 2912 humido
499 2850 585 2936 ligno
606 2851 756 2938 continge
778 2851 880 2937 ipsum
897 2850 1011 2915 vitmm
1028 2850 1123 2935 juxta
1145 2849 1293 2928 fistulam,
1315 2861 1352 2914 et

251 2961 363 3016 excute
389 2951 549 3016 modicum
575 2961 608 3016 et
633 2952 837 3038 separabitur.
884 2951 965 3017 Mox
987 2953 1084 3017 etiam
1105 2952 1224 3017 calefac
1243 2952 1348 3038 ipsam

251 3055 390 3120 fistulam
413 3056 444 3118 in
467 3054 598 3120 flamma
620 3056 767 3135 lomacis,
781 3056 884 3121 donec
906 3056 1046 3145 liquefiat
1068 3055 1182 3120 vitrum
1207 3056 1293 3141 quod
1317 3057 1348 3120 ci

246 3159 401 3245 jungitur,
417 3167 449 3222 et
471 3180 544 3223 cum
566 3158 767 3224 festinatione
790 3181 872 3244 pone
887 3181 982 3247 super
996 3181 1068 3224 oras
1083 3159 1162 3223 duas
1177 3158 1247 3222 vitri
1268 3180 1350 3224 con-

244 3260 373 3344 junctas
404 3271 436 3325 ct
465 3261 648 3326 adhaerebit.
706 3260 803 3337 Quod
842 3262 992 3327 continuo
1028 3261 1156 3327 elevans
1194 3260 1282 3324 mitte
1313 3262 1347 3326 in

249 3362 380 3428 flamma
395 3363 532 3429 fornacis
546 3362 649 3429 donee
671 3365 813 3450 liquefiat
834 3364 977 3430 foramen
992 3364 1075 3428 unde
1097 3363 1183 3449 prius
1205 3363 1347 3428 fistulam

248 3466 411 3551 separasti,
426 3475 459 3530 et
473 3476 605 3552 accepto
628 3467 715 3554 ligno
731 3465 867 3531 rotundo
889 3467 989 3531 dilata
1009 3467 1084 3530 illud
1107 3467 1189 3530 sicut
1209 3466 1346 3530 alterum

248 3580 280 3634 et
294 3570 489 3656 complicans
503 3590 592 3633 oram
607 3569 675 3654 ejus
690 3570 722 3632 in
745 3569 850 3633 medio
874 3590 1086 3656 separansque
1108 3589 1129 3631 a
1150 3568 1255 3632 fistula
1269 3588 1347 3631 cum

247 3670 334 3756 ligno
356 3672 499 3751 humido,
517 3673 560 3736 da
575 3694 682 3759 puero,
698 3672 753 3759 qui
776 3671 905 3736 inducto
929 3672 1016 3757 ligno
1038 3692 1094 3756 per
1117 3670 1259 3734 foramen
1274 3669 1347 3755 ejus

247 3773 387 3856 portabit
410 3774 442 3837 in
468 3773 594 3839 fumum
617 3774 778 3862 refrigerii,
801 3775 855 3861 qui
878 3774 1074 3839 mediocriter
1098 3772 1269 3838 calefactus
1291 3772 1346 3837 sit.

249 3871 321 3936 Hoc
344 3894 445 3958 genus
469 3875 540 3940 vitn'
568 3899 679 3963 purum
704 3886 752 3942 est
777 3887 809 3941 et
828 3878 945 3942 album.
987 3875 1111 3939 Eodem
1132 3873 1228 3939 modo
1247 3882 1348 3960 atque

246 3972 359 4036 eodem
382 3982 523 4060 tempore
546 3999 675 4063 operare
698 3980 816 4043 similes
839 3988 944 4064 partes
967 3978 1048 4058 vitri,
1070 3978 1172 4042 donee
1188 3998 1264 4041 vasa
1286 3999 1347 4040 ex-

247 4074 385 4140 haurias.
