3096 5168
316 517 357 578 34
681 512 869 584 r‘rruorurur
895 541 997 585 menn
1021 542 1043 585 r.

317 709 397 772 opus
413 697 502 751 tuum
521 689 676 767 festinare,
693 713 780 754 sume
793 693 924 775 gummi,
939 691 1026 778 quod
1035 692 1101 756 exit
1114 692 1154 755 de
1170 690 1284 755 arbore
1300 711 1416 754 ceraso

317 788 383 851 sive
407 812 518 874 pruno,
534 800 567 854 et
592 793 762 857 concidens
778 794 852 858 illud
877 795 1056 858 minutatim
1073 816 1154 879 poue
1177 794 1209 857 in
1224 815 1282 857 vas
1305 793 1414 871 fictile,

316 900 348 951 ct
363 912 479 975 equam
502 893 701 958 abundanter
723 895 864 975 infunde,
880 908 912 959 et
933 918 1016 982 poue
1039 895 1080 959 nd
1103 897 1214 975 solem,
1229 894 1295 958 sive
1318 916 1415 979 super

316 992 469 1058 carbones
485 996 517 1059 in
531 996 647 1077 hieme,
662 999 764 1060 donec
791 999 932 1085 liquefiet
947 1000 1080 1083 gummi,
1102 1009 1135 1061 et
1159 998 1248 1083 ligno
1272 996 1414 1061 rotundo

316 1093 498 1158 commisce.
544 1096 670 1161 Deinde
685 1100 755 1162 cola
777 1121 832 1184 per
846 1122 999 1186 pannum,
1014 1111 1047 1164 et
1065 1099 1139 1164 inde
1154 1109 1219 1164 tere
1233 1099 1358 1163 colores
1380 1109 1414 1162 et

316 1192 455 1278 impone.
501 1196 624 1262 Omnes
639 1200 760 1263 colores
781 1209 814 1263 et
833 1202 978 1265 mixturae
1002 1224 1112 1267 eorum
1127 1201 1190 1265 hoc
1207 1199 1329 1285 gummi
1355 1200 1415 1262 teri

316 1304 348 1358 et
374 1298 448 1381 poni
476 1309 618 1383 possunt,
641 1311 753 1386 praeter
777 1304 909 1368 minium
931 1316 963 1369 et
988 1326 1131 1369 ceresam
1156 1313 1189 1367 et
1211 1302 1343 1381 carmin,
1359 1301 1413 1387 qui

315 1399 400 1461 claro
415 1400 467 1463 ovi
491 1403 609 1466 terendi
633 1416 665 1467 et
691 1408 830 1489 ponendi
853 1418 937 1471 sunt.
983 1407 1092 1472 Viride
1114 1405 1324 1491 Hispanicum
1348 1426 1414 1467 nou

317 1499 487 1565 miscentur
509 1526 586 1568 suco
610 1507 669 1569 sub
692 1508 824 1591 glutine,
838 1510 894 1572 sed
917 1531 973 1596 per
997 1532 1030 1572 se
1053 1531 1127 1572 cum
1149 1508 1270 1594 gummi
1293 1507 1414 1593 glutine

316 1615 461 1685 ponetur.
506 1606 601 1670 Aliud
617 1630 691 1671 vero
706 1610 838 1673 miscere
853 1623 954 1697 potes,
970 1612 996 1674 si
1012 1611 1159 1676 volueris.

585 2096 816 2193 CAPUT
875 2095 1141 2192 XXVIII.

492 2326 659 2376 QUOTIENS
678 2325 781 2367 IIDEM
805 2324 954 2367 COLORES
974 2322 1127 2368 PONENDI
1151 2321 1239 2364 elur.

400 2479 528 2543 MNES
551 2483 682 2560 colores,
698 2483 764 2546 sive
779 2483 850 2545 oleo
872 2481 937 2544 sive
957 2479 1078 2566 gummi
1093 2478 1195 2557 tritos,
1209 2478 1242 2540 in
1256 2476 1346 2563 ligno
1368 2488 1414 2541 ter

413 2582 510 2645 debes
537 2604 663 2667 ponere,
679 2592 711 2646 et
733 2584 855 2669 pictura
878 2582 1017 2669 perfecte
1038 2590 1134 2669 atque
1156 2581 1285 2660 siccata,
1307 2581 1411 2644 deleto

318 2704 414 2768 opere
428 2683 470 2746 ad
486 2683 595 2761 solem,
611 2683 779 2769 diligenter
793 2686 883 2750 linies
904 2685 1024 2770 glutine
1040 2684 1205 2762 vernition,
1221 2692 1343 2747 etcum
1358 2683 1412 2746 de-

318 2783 416 2846 fluere
431 2784 561 2870 coeperit
576 2807 595 2848 a
609 2787 724 2865 calore,
739 2788 851 2851 leuiter
868 2810 965 2852 mauu
987 2786 1125 2866 fricabis,
1141 2794 1239 2872 etque
1253 2785 1348 2848 tertio
1369 2784 1414 2846 sie

320 2885 426 2965 facies,
441 2896 474 2950 et
488 2895 564 2951 tunc
579 2887 647 2951 sine
662 2887 764 2952 donec
779 2890 907 2976 penitus
921 2889 1107 2955 exsiccetur.

632 3362 864 3460 CAPUT
909 3363 1102 3460 XXIX.

639 3589 685 3633 DE
707 3588 856 3633 merone
877 3587 1128 3634 umusuuornn.

322 3744 442 3896 FIT
457 3747 552 3811 etiem
567 3746 690 3833 pictura
703 3744 737 3808 in
752 3743 849 3830 ligno,
858 3765 930 3830 quae
942 3742 1055 3808 dieitur
1065 3741 1270 3820 translucida,
1285 3752 1319 3807 et
1332 3743 1414 3829 apud

397 3845 553 3932 quosdam
577 3854 709 3910 vocatur
732 3846 870 3927 aureola,
895 3868 991 3933 quam
1017 3847 1079 3911 hoc
1105 3847 1203 3910 modo
1232 3868 1413 3932 compones.

320 3949 411 4014 Tolle
424 3950 564 4035 petulum
576 3949 683 4034 stagni
698 3969 762 4013 uon
776 3947 899 4011 linitam
914 3947 1035 4034 glutine
1049 3970 1107 4012 nee
1122 3948 1297 4012 coloratam
1312 3968 1415 4026 croco,

321 4053 379 4118 sed
402 4051 447 4115 ita
469 4050 645 4137 simplicem
668 4058 702 4114 et
724 4050 891 4136 diligenter
919 4051 1060 4137 politam,
1090 4061 1123 4115 et
1150 4050 1224 4115 iude
1255 4049 1414 4136 cooperies

321 4157 437 4233 locum,
452 4175 546 4239 quem
562 4154 607 4217 ita
622 4152 751 4239 pingere
766 4152 912 4216 volueris.
960 4152 1085 4217 Deinde
1098 4162 1165 4217 tere
1179 4154 1301 4216 colores
1316 4151 1416 4236 impo-

322 4256 446 4322 nendos
459 4255 696 4343 diligentissime
711 4255 782 4319 oleo
796 4255 862 4335 lini,
878 4276 916 4318 ec
930 4255 1023 4319 valde
1037 4264 1149 4319 tenues
1165 4253 1255 4318 trahe
1273 4276 1329 4319 eos
1344 4273 1413 4318 eum

322 4360 470 4447 pincello,
484 4357 591 4444 sieque
607 4356 753 4443 permitte
767 4357 889 4422 siccari
