3166 5190
315 526 380 588 212
675 544 862 588 ranorum
888 544 991 589 nraan
1016 547 1067 589 ιιι.

316 696 442 774 hantur,
452 704 484 759 et
494 695 630 780 impletae
639 695 788 760 stramine
799 696 922 761 modice
934 697 1141 762 exsiccentur.
1159 695 1278 761 Postea
1284 699 1415 784 jaceant

315 799 348 862 in
364 797 560 863 confectione
576 798 661 863 fracia
677 809 709 863 et
727 799 802 864 salia
816 823 880 865 una
896 801 947 865 die
962 811 995 866 et
1008 802 1133 865 duabus
1147 800 1306 881 noctibus,
1322 802 1414 864 tertia

316 924 391 965 vero
406 902 457 964 die
472 901 637 965 trahantur
651 902 684 965 in
709 912 826 966 retorta
849 904 881 966 in
905 904 1114 989 longitudine,
1130 904 1187 967 aed
1211 904 1282 989 plus
1296 905 1330 967 in
1345 906 1413 968 lati·

316 1004 435 1067 tudine.
486 1003 611 1066 Deinde
642 1014 801 1089 ungantur
830 1015 862 1068 et
891 1007 1004 1069 iterum
1033 1006 1207 1070 trahantur.
1264 1005 1414 1070 Posthaec

317 1107 375 1170 fiat
396 1106 462 1169 folli
491 1116 588 1191 caput
611 1106 761 1191 ligneum,
787 1109 872 1193 quod
899 1117 1041 1172 transeat
1066 1131 1121 1195 per
1149 1109 1266 1172 collum
1293 1109 1361 1194 ejus
1383 1120 1414 1173 et

316 1208 361 1273 ibi
391 1209 515 1295 ligetur,
541 1218 573 1272 et
602 1208 761 1293 incapite
786 1209 929 1273 foramen
954 1234 1011 1297 per
1034 1212 1122 1298 quod
1145 1222 1287 1276 transcat
1310 1213 1414 1274 fistula

317 1311 428 1376 ferrea.
453 1310 552 1375 Retro
568 1310 690 1374 veroin
716 1311 881 1377 latitudine
896 1312 979 1377 follis
994 1323 1152 1399 ponantur
1166 1323 1303 1402 quatuor
1318 1315 1413 1400 ligna,

318 1436 453 1502 quorum
468 1413 532 1476 duo
548 1413 607 1477 sibi
628 1412 862 1499 conjungentur
876 1425 907 1478 et
922 1417 1110 1503 colligentur
1123 1417 1156 1480 in
1172 1417 1288 1495 medio,
1303 1426 1336 1480 et
1350 1416 1412 1479 duo

318 1517 378 1581 sibi
393 1516 509 1581 deinde
524 1527 655 1580 suuntur
670 1515 703 1578 in
718 1514 792 1579 folle
806 1516 862 1596 ita,
879 1527 915 1581 nt
930 1518 1091 1604 juncturae
1106 1519 1138 1583 in
1162 1519 1270 1584 medio
1285 1519 1349 1582 sint
1363 1541 1414 1582 au·

318 1619 471 1706 periuret
492 1619 631 1698 inferius,
646 1617 701 1682 ubi
725 1617 822 1682 etiam
846 1619 918 1685 dua
932 1643 1020 1686 anaoe
1045 1643 1084 1685 ex
1108 1623 1221 1686 eudem
1241 1622 1323 1707 pelle
1338 1643 1415 1684 con·

319 1731 461 1800 auantur,
475 1744 539 1785 nna
554 1723 697 1807 superius
712 1728 826 1805 minor,
841 1725 874 1788 in
894 1745 959 1810 qna
982 1724 1089 1810 pollex
1111 1724 1302 1809 imponatur,
1317 1723 1414 1787 altera
1522 1778 1525 1783 r

320 1824 422 1908 major
442 1824 582 1905 inferius,
604 1826 658 1889 ubi
682 1828 793 1916 reliqui
818 1835 956 1916 quatuor
976 1825 1070 1913 digiti
1091 1825 1310 1889 immittantur.
1355 1824 1413 1886 His

319 1925 485 2010 completis
501 1948 584 2011 pone
600 1929 740 1994 fistulam
756 1930 889 1994 ferream
905 1929 937 1992 in
959 1929 1104 1993 foramen
1122 1927 1269 2005 fornacis,
1285 1938 1318 1990 et
1332 1940 1411 1989 retro

319 2038 352 2092 et
367 2037 440 2093 ante
456 2028 617 2093 fornacem
634 2032 788 2095 carbones
803 2042 836 2095 et
847 2032 964 2118 ignem,
980 2040 1013 2095 et
1027 2029 1120 2094 auffla
1134 2038 1171 2093 ut
1186 2029 1299 2093 fornax
1314 2028 1412 2091 exsic-

320 2142 417 2197 cctnr.
443 2132 669 2198 Utensiliorum
679 2146 785 2199 autem
801 2145 833 2198 et
848 2135 1109 2198 ferramentorum
1125 2133 1254 2197 nomina
1265 2132 1299 2194 in
1315 2130 1412 2194 fabrili

321 2257 415 2321 opere
430 2244 505 2299 sunt
519 2236 596 2300 haec.

633 2540 1075 2557 ἡ*

691 2793 919 2892 CAPUT
978 2794 1030 2890 V.

740 3052 786 3094 DE
809 3051 1006 3096 rncvmmta.

325 3235 559 3393 INCUDES
575 3238 656 3317 latoe,
672 3237 811 3324 aequales
826 3246 858 3300 et
872 3238 1010 3324 quadroe.
1040 3236 1121 3301 Item
1136 3238 1268 3302 incudes
1282 3239 1417 3326 oequalea

388 3352 421 3409 et
435 3358 585 3408 cornutae.
610 3339 692 3404 Item
707 3340 838 3404 incudes
853 3340 996 3424 superius
1011 3340 1154 3404 rotundae
1169 3340 1417 3405 insimilitudine

326 3446 449 3513 dimidii
464 3443 561 3531 pomi,
576 3464 640 3506 una
655 3443 766 3528 major,
781 3442 844 3506 alia
858 3442 971 3521 minor,
986 3442 1078 3506 tertia
1103 3441 1217 3521 brevia,
1232 3443 1287 3530 qui
1302 3464 1418 3506 vocan-

324 3561 377 3617 tur
390 3548 476 3614 nodi.
522 3546 603 3610 Item
619 3544 749 3608 incudes
772 3544 914 3631 superius
938 3546 1042 3631 longa
1065 3554 1097 3608 et
1120 3544 1237 3608 strictae
1252 3545 1344 3631 qnasi
1357 3544 1418 3608 duo

325 3673 446 3718 cornua
459 3649 501 3714 ab
515 3648 620 3712 hastili
636 3646 857 3734 praecedentia,
873 3668 1007 3734 quorum
1022 3668 1121 3709 unum
1143 3645 1184 3709 sit
1204 3645 1375 3710 rotundum
1388 3653 1419 3708 et

326 3754 496 3819 deductum
513 3751 567 3829 ita,
581 3758 617 3813 ut
631 3750 665 3812 in
688 3749 870 3812 summitate
884 3747 925 3812 ait
939 3748 1065 3835 gracile,
1081 3747 1167 3812 aliud
1182 3769 1257 3812 vero
1281 3747 1375 3811 latius
1389 3754 1420 3809 et

325 3855 359 3917 in
388 3852 570 3916 summitate
594 3851 718 3915 modice
748 3872 913 3914 recurvum
942 3851 974 3913 in
1004 3849 1141 3915 rotunda
1169 3849 1350 3936 [equalitate
1379 3846 1419 3911 ad

326 3952 561 4019 similitudinem
575 3952 668 4017 unius
683 3953 814 4039 pollicis.
839 3952 900 4017 Hae
915 3963 990 4018 aunt
1003 3954 1140 4039 majores
1154 3962 1187 4016 et
1201 3952 1350 4015 minores.
