3090 5174
331 495 395 557 366
683 514 877 558 rnaornrm
902 515 1006 558 amaa
1029 515 1082 560 nr.

332 665 516 749 refrigerari,
539 665 581 727 ab
603 664 735 729 humore
764 676 854 729 terrm
875 666 1037 731 inflaretur
1058 677 1091 731 et
1113 688 1270 753 campana
1298 669 1426 755 absque,

331 768 429 830 dubio
454 767 635 831 finderetur.
691 768 765 843 Qua
791 768 904 852 ejecta,
930 769 1000 853 ipsa
1026 770 1129 833 forma
1154 771 1268 834 iterum
1293 771 1427 855 erigatur

331 879 565 953 superterram,
581 870 690 954 sicque
705 880 777 946 stet,
793 871 894 934 donec
913 872 1052 935 exterius
1067 872 1197 935 omnino
1214 872 1411 957 refrigeretur
1417 894 1427 948 3

332 970 439 1056 sicque
462 971 624 1057 frangatur
646 973 758 1058 argilla
780 983 813 1036 et
831 973 938 1037 circuli
961 972 1134 1058 ejiciantur,
1157 984 1189 1037 et
1211 972 1361 1061 quicquid
1384 973 1428 1035 in·

332 1074 452 1157 aequale
476 1074 614 1136 exterius
640 1075 743 1148 fuerit,
759 1075 879 1138 malleis
903 1076 1006 1140 acutis
1030 1075 1194 1140 incidatur.
1247 1075 1373 1140 Deinde
1398 1074 1427 1136 in

332 1176 437 1239 medio
456 1198 619 1262 campanas
640 1187 777 1263 ponatur
792 1177 924 1262 lignum,
945 1177 1017 1240 huic
1038 1177 1139 1240 simile
1158 1177 1270 1264 inquo
1293 1178 1428 1263 primum

333 1279 433 1342 forma
448 1289 573 1343 tomata
587 1289 645 1357 est,
668 1290 700 1342 et
714 1289 851 1365 quatuor
866 1279 935 1342 aliis
950 1278 1044 1364 lignis
1059 1279 1093 1342 in
1109 1278 1240 1343 modum
1255 1280 1359 1343 crucis
1373 1279 1427 1342 ob

333 1381 474 1443 firmetur
494 1403 550 1444 ora
568 1382 647 1465 ejus,
672 1382 716 1444 ita
730 1390 767 1444 ut
780 1381 968 1445 infusorium
989 1381 1099 1466 jaceat
1117 1403 1212 1467 super
1229 1404 1330 1444 unum
1345 1403 1427 1445 asse-

333 1505 409 1560 rem,
433 1494 465 1546 et
479 1484 555 1546 illud
581 1485 700 1569 lignum
722 1506 815 1569 snper
837 1485 983 1562 alterum,
1007 1492 1044 1547 ut
1063 1483 1201 1569 inposito
1221 1506 1319 1548 curvo
1334 1484 1427 1570 ligno,

333 1585 432 1670 possit
446 1608 604 1670 campana
623 1587 752 1665 tornari,
774 1598 872 1673 atquc
886 1607 959 1650 cum
979 1585 1111 1650 sabuleo
1130 1586 1236 1672 lapide
1254 1608 1311 1672 per
1326 1587 1428 1650 omnia

332 1687 459 1773 aequari.
505 1687 586 1752 Post
611 1688 690 1767 haec,
720 1689 910 1753 infusorium
936 1710 976 1752 ex
1001 1696 1137 1774 utraque
1163 1698 1252 1774 parte
1276 1688 1427 1766 limatum,

332 1789 499 1873 diligenter
513 1790 686 1875 frangatur,
709 1802 742 1854 et
756 1792 841 1855 circa
861 1791 977 1855 collum
997 1790 1062 1855 duo
1083 1789 1169 1876 ligna
1188 1791 1427 1876 conjungantur,

333 1892 461 1955 inferius
485 1914 541 1977 per
564 1893 703 1957 medium
727 1893 841 1973 minus,
868 1903 901 1957 et
924 1893 1067 1978 superius
1093 1893 1126 1955 in
1148 1892 1281 1956 circuitu
1307 1894 1425 1978 majus3

333 2018 404 2082 qnae
437 1995 524 2079 ligna
558 1995 684 2058 duobus
720 1995 844 2060 circulis
878 1995 1002 2059 fortiter
1035 1995 1301 2080 constringantur,
1338 2003 1428 2080 atque

334 2098 439 2161 ferreis
463 2098 595 2162 vinculis
614 2120 654 2161 ex
669 2099 756 2161 omni
778 2108 866 2184 purte
887 2097 971 2162 circa
992 2118 1085 2162 aures
1105 2097 1303 2182 colligantur.
1350 2095 1426 2160 lllud

333 2222 407 2265 vero
423 2200 526 2285 majus
541 2200 663 2285 lignum
678 2199 720 2263 sit
735 2199 860 2266 modice
875 2199 1003 2285 longius
1018 2220 1115 2286 quam
1130 2220 1287 2283 campana
1302 2199 1344 2264 sit
1358 2198 1426 2273 lata,

333 2300 451 2387 sitque
466 2296 498 2363 in
513 2301 752 2366 summitatibus
774 2303 973 2388 aliquantum
993 2301 1142 2387 gracilius
1155 2321 1253 2386 quam
1268 2301 1301 2363 in
1317 2300 1426 2377 medio,

334 2404 421 2467 etin
446 2404 521 2491 ipsis
545 2405 780 2470 summitatibus
806 2405 924 2469 babeat
947 2404 1027 2469 duos
1052 2404 1151 2467 ferros
1175 2424 1305 2489 grossos
1328 2412 1361 2466 et
1382 2424 1426 2465 ro·
1522 2482 1523 2489 ἵ

333 2507 461 2585 tundos,
473 2528 608 2592 quorum
623 2507 790 2592 longitudo
805 2507 846 2570 sit
860 2507 944 2571 intra
957 2506 1078 2593 lignum
1095 2505 1192 2590 spacii
1207 2504 1330 2568 dimidii
1344 2504 1427 2590 pedis
1522 2510 1523 2549 l

333 2620 365 2671 et
379 2618 470 2672 extra
484 2609 576 2672 unius
596 2609 703 2694 palmi.
748 2608 895 2695 Cumque
917 2609 1074 2695 aptaveris
1089 2608 1168 2672 duas
1183 2608 1291 2672 trabes
1305 2608 1347 2672 ad
1361 2628 1426 2671 sus·

334 2710 512 2796 cipiendam
525 2732 726 2796 campanam,
739 2711 789 2775 fac
804 2711 838 2775 in
853 2711 899 2775 eis
914 2710 994 2775 duas
1008 2731 1172 2774 mensuras
1187 2709 1312 2774 duobus
1327 2708 1426 2794 digitis
1521 2766 1522 2771 ,

333 2812 518 2900 profundas,
542 2813 575 2876 in
590 2813 705 2901 quibus
720 2813 802 2878 clari
817 2812 861 2876 illi
885 2812 995 2899 magni
1011 2812 1221 2891 involvantur,
1244 2810 1304 2875 sub
1319 2811 1426 2895 quibus
1521 2878 1522 2895 χ

333 2916 428 2979 etiam
441 2938 540 3002 pones
556 2916 636 2980 duos
652 2917 752 2981 ferros
767 2936 892 2995 curros,
903 2914 944 2978 ad
959 2914 1132 2979 servandas
1147 2913 1262 2978 trabes.
1306 2911 1427 2977 Habeat
1521 2902 1522 2969 3

333 3017 429 3080 etiam
445 3017 520 3080 illud
537 3018 678 3102 grossius
693 3017 815 3103 lignum
826 3018 858 3082 in
873 3040 938 3104 quo
953 3017 1072 3104 pendet
1086 3037 1243 3101 campana
1256 3015 1290 3078 in
1300 3024 1426 3099 utraque
1521 3030 1522 3073 r

333 3128 422 3205 parte
437 3118 562 3204 singula
582 3118 749 3200 foramina,
772 3120 938 3207 inquibus
953 3127 1111 3206 ponantur
1129 3117 1194 3181 duo
1208 3118 1296 3205 ligna
1309 3135 1426 3180 sursum

333 3220 541 3306 respicientia,
556 3220 671 3308 quibus
686 3221 780 3287 funes
796 3224 997 3287 innectantur
1011 3222 1053 3286 ad
1067 3220 1271 3307 pulsandum.
1302 3217 1425 3283 Corium
1520 3272 1521 3291 ,

334 3324 431 3389 etiarn
455 3326 602 3412 spissum,
626 3325 667 3389 de
683 3325 765 3390 collo
786 3324 871 3388 cervi
895 3323 1151 3410 circumponatur
1172 3322 1254 3386 ferro
1268 3321 1313 3384 illi
1327 3340 1425 3397 curro,
1520 3344 1521 3411 p

333 3428 420 3515 quod
443 3426 573 3492 interius
594 3427 692 3492 haeret
705 3426 739 3491 in
753 3426 859 3492 madio
878 3447 1051 3512 campana,
1073 3425 1106 3489 in
1120 3446 1184 3512 quo
1208 3423 1333 3488 batillos
1354 3441 1424 3507 pen·

334 3531 426 3613 deat3
449 3531 504 3618 qui
518 3531 560 3595 sit
573 3539 670 3594 tantm
679 3529 887 3616 longitudinis
900 3537 937 3592 ut
950 3527 1128 3614 promineat
1141 3534 1232 3590 extra
1246 3542 1424 3611 campanam

334 3635 437 3719 spatio
459 3632 634 3698 latitudiuis
662 3653 787 3712 manus,
813 3630 918 3716 sitque
942 3629 1082 3717 grossior
1103 3628 1136 3692 in
1151 3628 1216 3692 linc
1237 3624 1423 3714 longitudine
1519 3630 1520 3713 }

333 3737 427 3801 unius
441 3737 565 3822 palmae,
580 3756 767 3823 sursumque
782 3732 939 3820 gracilior.
