3144 5184
349 532 383 591 14
708 551 899 594 rrrsorrrrnr
925 552 1027 594 ernau
1053 552 1074 593 r.

386 699 489 761 Misce
515 701 611 763 viride
637 724 707 765 cnm
731 725 836 781 succo,
853 714 884 765 et
900 704 981 765 addc
998 701 1158 765 modicum
1176 721 1271 781 ogra,
1294 710 1326 762 et
1342 699 1436 784 imple

341 801 574 864 vestimentum.
633 804 724 867 Adrle
741 806 835 868 ctiam
853 805 1011 867 modicum
1028 802 1121 887 nigri,
1136 812 1168 863 et
1183 801 1233 865 fac
1249 801 1435 863 exteriorem

341 902 495 964 umbram.
551 903 643 967 Adde
669 928 742 968 cuin
762 907 942 992 impletione
958 907 1028 991 plus
1045 903 1151 967 viridis
1167 913 1199 965 et
1220 902 1362 965 illumina
1377 902 1437 986 pri-

342 1025 438 1067 mum.
485 1002 567 1067 Cum
584 1028 662 1089 puro
679 1009 766 1070 viridi
783 1008 923 1071 illumina
939 1008 1086 1085 exterius,
1103 1014 1134 1069 et
1148 1005 1174 1068 si
1190 1026 1270 1089 opus
1285 1004 1338 1082 sit,
1354 1004 1436 1066 adde

340 1106 368 1167 ei
385 1105 544 1168 modicum
560 1107 632 1170 albi,
674 1108 765 1172 llsus
783 1130 890 1172 nurus
907 1127 1111 1172 vssrrusu‘rr
1124 1126 1193 1171 nou
1207 1126 1265 1170 sar
1278 1125 1314 1167 ru
1328 1125 1437 1169 unire.

343 1207 445 1269 Misce
461 1207 725 1293 auripigmentum
742 1233 813 1273 cum
831 1211 945 1287 indico,
962 1212 1027 1273 sive
1040 1232 1112 1273 cum
1128 1208 1260 1287 manue,
1274 1207 1341 1269 sive
1363 1228 1438 1270 cum

341 1332 435 1372 succo
448 1310 600 1387 sambuci,
611 1321 644 1373 et
655 1311 750 1395 imple
760 1312 991 1375 vestimentum.
1027 1312 1120 1374 Adde
1132 1309 1268 1394 amplius
1277 1308 1317 1371 de
1330 1329 1439 1383 succo,

341 1411 407 1474 sive
424 1410 565 1489 manisc,¹
582 1412 622 1475 de
639 1412 753 1490 indic0,
767 1423 799 1476 et
814 1414 863 1477 fac
880 1424 1009 1478 tractus.
1061 1413 1154 1477 Adde
1168 1411 1330 1475 modicum
1345 1411 1438 1496 nigri,

341 1524 372 1575 et
396 1514 445 1576 sac
473 1514 616 1576 umbram
638 1515 834 1579 exteriorem.
882 1515 1007 1580 Deinde
1028 1516 1099 1600 plus
1120 1511 1343 1598 auripigmenti
1364 1533 1438 1575 cum

341 1615 533 1699 impletione,
550 1626 582 1677 et
596 1616 738 1680 illumina
755 1618 898 1701 primum.
945 1616 1027 1679 Cum
1048 1614 1181 1700 simplici
1205 1612 1438 1698 auripigmento

341 1716 482 1780 illumina
497 1716 648 1800 superius.
694 1717 969 1803 Auripigmentum
985 1728 1016 1780 et
1036 1715 1185 1803 quicquid
1199 1737 1240 1779 ex
1263 1736 1301 1779 eo
1316 1724 1438 1800 tempe·

342 1828 437 1895 ratur,
454 1818 572 1880 nullam
585 1819 647 1881 vim
664 1818 760 1882 habet
775 1819 807 1880 in
824 1841 923 1882 muro.
971 1818 1075 1882 Misce
1090 1818 1211 1881 manisc
1221 1839 1296 1881 curn
1308 1816 1397 1896 folio,
1407 1826 1440 1880 et

342 1919 438 2003 imple
465 1920 696 1984 vestimentum.
742 1921 834 1984 Adde
858 1921 953 1985 etiam
977 1943 1089 2008 parum
1114 1920 1205 2005 nigri,
1222 1929 1255 1984 et
1276 1921 1328 1984 fac
1351 1930 1438 1984 exte-

342 2020 453 2082 riorem
485 2021 639 2086 umbram.
694 2021 776 2086 Cum
804 2023 936 2108 simplici
967 2024 1087 2086 manisc
1117 2023 1258 2088 illumina
1288 2024 1435 2110 primum.

343 2120 435 2184 Adde
460 2144 570 2206 pamm
594 2125 667 2202 albi,
689 2135 721 2187 et
743 2124 883 2187 illumina
899 2125 1050 2209 superins.
1097 2124 1201 2188 Misce
1227 2147 1340 2211 ogram
1363 2148 1435 2190 cum

342 2221 444 2306 nigre,
460 2233 492 2286 et
508 2224 603 2311 imple
618 2226 849 2290 vestimentum.
895 2226 987 2291 Adde
1003 2226 1084 2312 nigri
1099 2227 1180 2312 plus,
1194 2236 1226 2291 et
1240 2228 1292 2292 fac
1306 2237 1435 2292 tractus.
1541 2270 1542 2307 1

342 2326 434 2390 Adde
450 2329 545 2392 etiam
562 2331 642 2413 plus,
658 2338 690 2392 et
704 2329 755 2392 fac
770 2328 916 2393 umbram
931 2329 1128 2393 exteriorem.
1165 2330 1259 2393 Adde
1269 2351 1357 2414 ogne
1369 2332 1437 2416 plus

342 2449 413 2491 eum
430 2431 621 2516 impletione,
638 2442 670 2495 et
684 2432 826 2496 illumina
841 2431 987 2517 primum.
1033 2429 1117 2495 Cum
1132 2452 1212 2516 ogre
1226 2440 1259 2495 et
1273 2430 1373 2495 rubeo
1389 2432 1435 2494 fac
1541 2446 1542 2481 l

342 2530 492 2595 similiter.
524 2533 627 2597 Misce
642 2534 749 2597 album
764 2542 796 2597 et
811 2534 919 2612 viride,
935 2542 967 2597 et
981 2533 1077 2617 imple
1089 2531 1320 2595 vestimentum.
1353 2531 1435 2595 Cum
1541 2540 1542 2549 ’

342 2632 476 2718 simplici
492 2633 582 2696 viridi
598 2634 647 2698 fac
663 2646 789 2700 tractus.
836 2636 928 2700 Adde
942 2656 1054 2721 parum
1070 2633 1166 2712 succi,
1182 2642 1215 2697 et
1228 2632 1279 2697 fac
1290 2633 1433 2696 umbram

342 2734 539 2799 exteriorem.
585 2736 677 2799 Adde
692 2737 762 2820 plus
778 2737 842 2799 albi
857 2758 930 2800 cum
945 2735 1140 2822 impletione,
1162 2744 1195 2798 et
1216 2733 1361 2798 illumina
1375 2733 1435 2819 pri·

343 2861 441 2903 mum.
487 2838 570 2903 Cum
595 2837 729 2923 simplici
752 2838 825 2902 albo
848 2838 990 2902 illumina
1012 2837 1164 2922 superius.
1210 2836 1314 2900 Misce
1336 2833 1434 2898 modi·

342 2964 414 3005 cum
432 2942 513 3028 nigri
528 2950 560 3006 et
581 2962 692 3027 parum
715 2940 802 3003 rubei
825 2962 898 3004 cum
921 2941 1006 3018 albo,
1029 2947 1062 3003 et
1083 2939 1179 3025 imple
1202 2938 1432 3003 vestimentum.

343 3042 436 3106 Adde
451 3044 520 3128 plus
536 3043 622 3107 rubei
639 3053 671 3107 et
685 3065 796 3128 parum
819 3042 911 3128 nigri,
926 3052 961 3107 et
981 3042 1030 3105 fac
1052 3050 1181 3106 tractus.
1226 3041 1319 3104 Adde
1341 3041 1432 3104 etiam

343 3147 476 3232 amplius
491 3147 572 3233 nigri
587 3155 620 3209 et
633 3147 731 3225 rubei,
747 3155 779 3209 et
793 3144 844 3209 fac
856 3143 1001 3209 umbram
1014 3143 1211 3208 exteriorem.
1256 3142 1350 3205 Adde
1364 3160 1431 3204 curn

343 3249 523 3333 impletione
539 3249 608 3334 plus
623 3247 697 3326 albi,
713 3256 745 3310 et
760 3246 902 3310 illumina
917 3245 1063 3331 primum.
1101 3243 1186 3308 Cum
1201 3242 1335 3329 simplici
1350 3241 1431 3319 albo,

341 3351 483 3414 illumina
498 3350 644 3415 exterius.
683 3349 787 3413 Misce
802 3349 945 3412 similiter
960 3347 1085 3433 nigrum
1101 3369 1174 3410 cum
1189 3347 1273 3410 alb0.
1312 3344 1430 3409 Eodem

344 3453 440 3518 modo
454 3453 550 3517 misce
565 3474 675 3539 ogram
692 3473 765 3515 cum
781 3451 865 3530 albo,
881 3451 960 3514 etin
982 3449 1096 3513 umbra
1117 3447 1221 3512 eidem
1235 3445 1319 3511 adde
1334 3442 1431 3509 modi·

341 3576 416 3621 cum
432 3556 528 3620 mbei.

737 3751 743 3778 ¹
762 3750 855 3799 “sive''
889 3750 936 3797 Me,
949 3750 1047 3811 eulpa.
