3094 5174
312 507 378 572 282
666 525 859 570 rusorum
883 525 988 569 urana
1010 527 1063 570 111.

312 676 442 755 cineres,
459 676 485 739 si
505 676 585 740 forte
607 676 887 763 supercecideriut;
911 675 1092 763 habeatque
1114 676 1218 763 ipsum
1238 680 1356 744 ferrum
1378 681 1407 743 iu

312 776 417 841 medio
440 778 581 864 superius
604 779 732 842 brevem
753 777 917 855 annulum,
939 798 1013 841 cum
1035 800 1100 864 quo
1123 789 1357 865 superponatur
1378 792 1409 846 et

312 880 459 945 elevetur.
504 879 579 955 Quo
603 880 688 945 facto
713 901 871 965 compone
896 880 1051 944 carbones
1074 902 1208 967 magnos
1230 891 1264 946 et
1284 884 1407 968 longos,

312 980 483 1046 incendens
496 982 566 1046 illos
578 982 687 1063 valde3
711 981 792 1045 inter
806 1004 886 1067 quos
901 981 998 1046 iacies
1009 983 1114 1046 locum
1131 991 1163 1047 et
1176 984 1321 1071 aequabis
1336 1007 1407 1049 cum

310 1082 417 1168 ligneo
442 1085 566 1165 malleo,
592 1085 625 1148 in
651 1105 746 1169 quem
775 1084 916 1147 elevatur
945 1082 1059 1147 ferrum
1091 1106 1148 1170 per
1172 1086 1309 1150 caudam
1335 1110 1407 1152 cnm

312 1184 448 1271 forcipe3
471 1185 516 1249 ita
530 1195 566 1249 ut
576 1193 761 1271 coopertum
773 1185 944 1249 collocabis
955 1185 1133 1271 diligenter,
1144 1195 1242 1273 atque
1253 1188 1408 1253 carbones

311 1286 345 1353 in
361 1286 526 1383 circuitum
544 1308 717 1371 compones
737 1294 769 1350 et
787 1308 911 1351 sursum
932 1308 972 1351 ex
993 1288 1081 1351 omni
1100 1296 1199 1374 parte,
1214 1297 1408 1376 acceptoque

311 1389 385 1453 folle
414 1388 554 1475 utrisque
586 1386 733 1451 manibus
767 1388 906 1474 undique
942 1390 1083 1454 sufflabis
1118 1390 1222 1455 donec
1254 1391 1407 1456 carbones

310 1491 471 1577 equaliter
485 1490 626 1554 ardeant.
671 1487 801 1553 Habeas
815 1488 912 1553 etiam
926 1491 1010 1554 alam
1025 1492 1182 1577 integram
1196 1493 1327 1572 anseris,
1342 1494 1407 1557 sive

310 1591 438 1655 alterius
452 1592 521 1655 aris
535 1612 670 1677 magnoe,
682 1613 754 1676 quae
768 1592 809 1656 sit
824 1600 955 1656 extensa
969 1602 1002 1657 et
1016 1593 1104 1680 ligno
1118 1594 1217 1680 ligata
1225 1619 1235 1676 3
1257 1617 1333 1659 cum
1344 1617 1407 1681 qua

285 1693 476 1757 'ventilabis
499 1702 531 1758 et
553 1693 647 1757 flabis
669 1692 791 1757 fortiter
812 1716 852 1757 ex
879 1695 966 1758 omni
990 1704 1088 1780 parte,
1111 1695 1213 1760 donec
1236 1696 1407 1782 perspicias

310 1796 393 1860 inter
415 1797 570 1861 carbones
593 1806 628 1860 ut
652 1796 808 1861 foramina
833 1795 906 1860 ferri
928 1797 1058 1861 interius
1083 1799 1214 1862 omnino
1238 1800 1405 1876 candeant,

311 1897 419 1984 sicque
443 1897 520 1962 flare
546 1897 695 1962 cessabis.
741 1897 924 1984 Expectans
950 1920 1024 1963 vero
1049 1901 1140 1986 quasi
1166 1899 1298 1964 dimidia
1328 1901 1407 1964 bora

310 1999 520 2085 discooperies
542 1998 693 2085 paulatim
719 1999 822 2064 donee
847 2022 958 2064 omnes
984 2001 1138 2065 carbones
1161 2022 1322 2080 amoveas,
1338 2024 1406 2065 rur·

310 2123 443 2189 sumque
464 2102 648 2188 expectabis
668 2102 771 2166 donec
791 2101 946 2166 foramina
968 2101 1040 2165 ferri
1061 2101 1190 2165 interius
1212 2102 1405 2188 nigrescant,

310 2204 418 2290 sicque
432 2205 560 2268 elevans
575 2203 692 2267 sermm
712 2225 768 2289 per
786 2204 932 2282 caudam,
948 2204 993 2267 ita
1008 2212 1192 2288 coopertum
1207 2224 1307 2287 pones
1322 2206 1404 2267 retro

311 2306 471 2369 fornacem
493 2306 526 2368 in
548 2305 665 2389 angulo
688 2304 789 2369 donec
814 2304 945 2369 omnino
967 2304 1117 2389 frigidum
1141 2305 1206 2367 fiat.
1250 2304 1405 2389 Aperiens

310 2429 385 2471 vero
401 2407 492 2470 tolles
509 2406 661 2470 electrum
683 2415 716 2469 et
736 2406 867 2485 lavabis,
883 2428 1070 2491 rursumque
1085 2405 1230 2491 implebis
1245 2414 1278 2469 et
1292 2404 1404 2467 fundes

310 2509 392 2573 sicut
416 2509 511 2594 prius,
538 2509 646 2594 sicque
671 2507 768 2572 facies
793 2508 896 2572 donec
925 2508 1132 2593 liquefactum
1161 2506 1326 2594 aequaliter
1350 2527 1404 2591 per

308 2610 417 2674 omnia
431 2611 559 2696 plenum
575 2611 624 2674 sit
670 2608 743 2674 Hoc
759 2610 855 2674 modo
870 2609 1005 2695 reliquas
1020 2619 1126 2694 partes
1141 2629 1323 2695 compones.

662 3331 893 3428 CAPUT
944 3329 1048 3426 LV.

641 3585 688 3627 DE
709 3583 882 3628 POLIENDO
905 3582 1069 3627 BLEGTRO.

391 3764 455 3829 UO
485 3765 581 3845 facto,
606 3765 682 3828 tolle
707 3771 830 3850 partem
854 3784 933 3827 cerae
956 3761 998 3825 ad
1021 3762 1254 3848 longitudinem
1281 3762 1401 3828 dimidii

411 3869 544 3954 pollicis,
559 3869 592 3931 in
614 3889 710 3953 quam
726 3864 850 3951 aptabis
873 3865 1023 3929 electrum
1039 3865 1094 3943 ita,
1108 3876 1145 3929 ut
1165 3887 1239 3930 cera
1253 3888 1295 3930 ex
1317 3865 1402 3930 omni

308 3979 397 4057 parte
424 3970 476 4049 sit,
497 3991 553 4056 per
575 3991 672 4055 quam
695 3990 800 4033 cerain
825 3965 975 4031 tenebis¹.
1023 3966 1150 4031 Deinde
1175 3989 1270 4053 super
1293 3968 1403 4031 duram

308 4080 413 4135 cotem
428 4080 460 4134 et
474 4073 629 4158 aequalem
656 4071 782 4135 fricabis
797 4068 971 4133 diutissime
995 4067 1098 4131 donec
1119 4067 1295 4131 claritatem
1320 4067 1403 4131 acci-

340 4236 349 4269 ¹
363 4245 382 4269 ⁴⁸
392 4247 417 4288 et
434 4240 528 4291 fricabir
538 4242 614 4305 iprum
629 4241 738 4289 electrum
758 4253 826 4301 super
835 4237 936 4299 lapldem
951 4236 1069 4284 subulcam
1087 4236 1199 4297 equalem
1213 4237 1339 4300 diligenter
1352 4252 1402 4286 cum

306 4336 374 4384 aqua,
386 4322 458 4372 donec
466 4339 548 4373 aarum
559 4323 679 4386 aqualiter
687 4327 797 4383 appareat
807 4335 848 4383 per
857 4316 956 4377 omnia,”
966 4333 994 4367 α·
1006 4318 1063 4367 Ood.
1077 4316 1175 4381 Gutpe
