3162 5184
305 500 369 563 xlvi
762 513 941 558 nnnnnnro.

305 692 458 763 taritatis
474 692 701 784 propaginem
719 688 908 769 transtulit,
926 696 967 757 nt
985 687 1184 779 quicunque
1200 707 1321 756 curam
1338 686 1407 756 sol-

307 810 595 901 licitudinemque
619 807 803 888 addiderit,
829 806 940 875 totius
969 804 1053 873 artis
1078 803 1279 896 ingeniique
1304 825 1407 895 capa·

306 928 451 996 citatem
470 925 568 1018 quasi
585 924 806 993 haereditario
816 924 898 1016 jure
914 921 1058 1014 adipisci
1076 920 1195 1012 possit.

358 1225 571 1320 Hujusmodi
589 1224 824 1294 intentionem
851 1222 1003 1291 humana
1028 1220 1220 1310 suscipiens
1241 1219 1405 1295 sollertia

307 1344 398 1416 etin
416 1341 560 1412 diversis
573 1341 710 1411 actibus
724 1340 795 1409 suis
808 1339 971 1408 insistens
984 1336 1089 1407 lucris
1107 1344 1144 1405 et
1157 1335 1406 1429 voluptatibus,

306 1484 369 1553 per
402 1468 601 1550 temporum
637 1458 864 1537 incrementa,
903 1454 1048 1524 taudem
1082 1454 1126 1522 ad
1160 1453 1408 1545 praedestinata

306 1577 512 1648 Christianae
527 1573 706 1666 religionis
730 1571 898 1663 perduxit
922 1579 1092 1662 tempora,
1117 1568 1322 1661 factumque
1343 1578 1406 1649 est,

305 1662 347 1762 ut
364 1692 458 1784 quod
475 1691 520 1761 ad
539 1690 679 1761 landem
696 1698 734 1759 et
759 1688 907 1781 gloriam
926 1687 1078 1756 nominis
1094 1686 1147 1756 sni
1166 1686 1322 1755 condidit
1340 1686 1408 1755 dis-

307 1810 435 1903 positio
454 1808 580 1890 divina,
598 1808 635 1876 in
653 1806 727 1897 ejus
745 1804 951 1895 obsequium
970 1809 1192 1872 converteret
1209 1800 1310 1893 plebs
1328 1799 1408 1871 Deo

307 1928 445 1997 denota.
499 1923 721 2016 Quapropter
750 1920 844 2012 quod
870 1919 915 1989 ad
944 1929 1098 1989 nostram
1129 1942 1239 2011 usquc
1265 1928 1405 1988 aetatem

305 2040 426 2111 sollers
451 2039 743 2132 praedecessorum
773 2035 954 2105 transtulit
979 2036 1139 2128 provisio,
1169 2036 1228 2128 pia
1249 2033 1406 2104 fidelium

305 2178 375 2227 non
391 2154 550 2249 negligat
567 2153 729 2236 devotio;
753 2153 916 2245 quodque
933 2152 1191 2221 haereditarium
1210 2149 1309 2222 Deus
1326 2172 1408 2219 con-

306 2272 390 2342 tulit
414 2272 557 2354 homini,
577 2270 646 2341 hoc
671 2270 777 2340 homo
800 2270 895 2339 omni
920 2268 1090 2338 ariditate
1112 2266 1347 2359 amplectatur
1369 2273 1407 2336 et

307 2386 441 2458 laboret
458 2388 612 2481 adipisci.

359 2752 437 2836 Qro
455 2754 593 2847 adepto,
606 2776 711 2824 nemo
727 2755 819 2846 apud
838 2778 884 2835 se,
899 2756 996 2847 qnasi
1010 2777 1055 2825 ex
1073 2777 1110 2824 se
1124 2761 1161 2823 et
1178 2775 1248 2822 non
1266 2753 1407 2824 aliunde

309 2880 465 2964 accepte,
491 2870 682 2964 gloriatum
708 2871 769 2940 sed
796 2871 830 2939 in
851 2871 1015 2951 Domino,
1033 2894 1054 2939 a
1078 2893 1147 2962 quo
1167 2878 1205 2939 et
1222 2890 1407 2962 perquem

307 2988 433 3068 omnia,
452 2998 489 3057 et
516 2988 592 3057 sine
610 3010 679 3078 qno
704 2986 801 3068 nihil,
821 2987 1003 3057 humiliter
1019 2987 1225 3080 gratuletur,
1242 3010 1309 3057 nec
1326 3009 1409 3057 con-

307 3126 404 3173 cessa
428 3103 570 3175 invidiae
597 3104 735 3173 sacculo
766 3104 942 3184 recondat,
973 3111 1035 3173 ant
1065 3104 1199 3174 tenacis
1223 3102 1407 3173 armariolo

307 3219 420 3288 cordis
437 3219 602 3302 occultet,
620 3221 681 3289 sed
699 3222 793 3290 omni
814 3221 987 3312 jactantia
1004 3219 1151 3312 repulsa,
1169 3219 1268 3290 hilari
1286 3229 1407 3291 mente

309 3334 519 3428 simpliciter
532 3338 767 3428 quarentibus
785 3346 917 3429 eroget,
933 3346 1142 3429 metuatque
1167 3335 1406 3429 evangelicam

306 3451 400 3521 illius
416 3453 643 3546 negotiatoris
670 3454 892 3536 sententiam,
911 3455 969 3546 qui
996 3454 1138 3524 domino
1155 3477 1218 3524 sno
1235 3454 1408 3546 reconsig-

306 3590 389 3638 nare
415 3568 634 3639 dissimulans
660 3592 779 3639 mnam
804 3570 1020 3652 foeneratum,
1037 3571 1134 3640 omni
1151 3570 1322 3641 beneficio
1339 3572 1408 3663 pri-

306 3696 417 3768 vatus,
435 3688 503 3755 oris
520 3686 573 3755 sui
585 3685 720 3776 judicio
737 3709 888 3777 nequam
905 3689 996 3758 serri
1014 3689 1206 3781 promeruit
1224 3697 1355 3757 notam.

358 4164 471 4246 Quam
492 4166 703 4235 sententiam
731 4165 908 4236 incurrere
934 4165 1132 4247 formidans,
1149 4188 1226 4258 ego,
1244 4166 1408 4260 indignus

307 4291 344 4352 et
361 4304 452 4374 pene
470 4280 599 4352 nullius
616 4282 765 4352 nominis
778 4282 976 4363 homuncio,
994 4282 1087 4374 qnod
1100 4282 1186 4351 mihi
1204 4283 1313 4374 gratis
1326 4306 1409 4353 con·

306 4400 421 4479 cessit,
448 4422 525 4491 quae
551 4399 611 4468 dat
637 4401 799 4468 omnibus
824 4399 1009 4469 affluenter
1034 4407 1072 4468 et
1092 4421 1161 4468 non
1183 4394 1407 4492 improperat,
