3166 5190
328 490 398 554 238
687 507 878 552 rusorurur
902 506 1007 550 mssa
1030 505 1083 548 111.

334 656 400 733 fiat,
423 655 623 738 ejectumque
650 653 723 716 inde
747 653 840 731 sicca,
861 662 895 717 et
920 652 1006 739 quod
1031 650 1188 715 minutum
1212 660 1262 713 est
1282 650 1376 714 mitte
1401 649 1435 711 in

333 777 469 843 pennum
484 756 604 818 anseris
620 764 716 840 atque
732 755 872 835 obstrue,
888 754 975 842 quod
990 775 1064 817 vero
1087 751 1228 839 grossius
1242 760 1300 831 est,
1315 751 1435 815 iterum

333 859 422 921 mitte
451 857 483 920 in
513 876 569 918 vas
600 866 632 919 et
661 858 853 935 comminue,
883 878 1071 943 rursumque
1100 857 1255 921 siccatum
1283 853 1376 917 mitte
1401 852 1436 914 iu

332 962 464 1025 alteram
481 979 629 1046 pennam.

647 1389 878 1486 cxuuu
925 1389 1117 1541 xxxx.

656 1624 702 1665 DE
725 1623 930 1667 fflPONENDO
954 1623 1114 1667 NIGELLO.

338 1784 698 1940 CUMQUEsic
643 1787 747 1872 plures
759 1808 880 1873 pennas
890 1788 1079 1871 impleveris,
1089 1786 1197 1872 accipe
1207 1787 1433 1875 gumm1,quod

415 1889 698 1976 vocaturparahas¹
702 1890 978 1975 ,etparticulamj
951 1912 968 1952 e
981 1912 1019 1953 us
1030 1900 1095 1953 tere
1107 1911 1181 1953 cum
1190 1889 1311 1976 aquain
1317 1890 1432 1954 eodem

335 2016 409 2058 vase
422 1995 474 2071 ita,
491 2003 525 2056 ut
540 2016 580 2057 cx
595 2015 633 2056 eo
649 1993 799 2078 rixaque
809 1991 935 2055 turbida
946 1991 1013 2069 fiat,
1023 2000 1055 2053 et
1063 1991 1168 2054 locum
1184 2012 1279 2105 quem
1295 1991 1433 2054 volueris

334 2098 500 2183 denigrare
526 2118 598 2159 cum
622 2096 692 2180 ipsa
717 2117 803 2181 aqua
827 2095 878 2158 fac
901 2093 1067 2156 humidum
1090 2091 1186 2178 prius,
1210 2092 1433 2180 accipiensque

334 2217 472 2282 pennam
488 2216 561 2258 cum
575 2195 637 2256 levi
651 2193 734 2256 ferro
749 2200 864 2255 excute
878 2192 987 2255 tritum
999 2191 1150 2277 nigellum
1166 2212 1260 2276 super
1274 2212 1348 2254 eum
1363 2192 1432 2254 dili·

335 2310 446 2384 genter
475 2298 577 2362 donec
607 2304 710 2360 totum
746 2293 920 2379 cooperias,
950 2294 1060 2380 sicque
1094 2314 1151 2379 per
1180 2291 1288 2356 omnia
1324 2291 1431 2355 facies.

339 2400 464 2464 Deinde
478 2421 634 2485 compone
649 2397 803 2462 carbones
814 2396 943 2482 copiose
958 2416 1122 2475 accensos,
1133 2404 1166 2458 et
1179 2395 1213 2458 in
1227 2413 1284 2458 eos
1299 2393 1431 2457 missum

336 2522 392 2563 vas
407 2500 574 2586 diligenter
595 2498 722 2585 cooperi
737 2498 793 2575 sic,
811 2506 847 2561 ut
861 2519 954 2583 super
968 2498 1120 2584 nigellum
1134 2499 1239 2562 nullus
1261 2498 1359 2562 carbo
1374 2519 1431 2585 po·

335 2612 439 2681 natur,
455 2623 514 2664 nec
538 2602 641 2665 cadat.
687 2599 834 2687 Cumque
848 2601 1053 2688 liquefactum
1067 2600 1170 2679 fuerit,
1186 2610 1258 2663 tene
1281 2621 1339 2664 vas
1359 2621 1431 2663 cum

336 2705 465 2789 forcipe,
481 2713 512 2766 et
527 2712 614 2767 verte
629 2725 669 2767 ex
684 2703 772 2767 omni
787 2711 887 2789 parte,
904 2702 969 2790 qud
984 2702 1083 2768 fluere
1098 2702 1227 2784 videris,
1243 2712 1275 2767 et
1293 2702 1339 2766 ita
1355 2724 1431 2767 con·

334 2806 486 2871 vertendo
510 2827 587 2870 cave
603 2827 643 2869 ne
665 2806 698 2868 in
714 2815 830 2870 terram
854 2806 1005 2892 nigellum
1020 2805 1124 2870 cadat.
1170 2803 1266 2880 Quod
1282 2807 1316 2869 in
1331 2805 1430 2891 primo

336 2908 439 2972 calore
455 2929 518 2971 non
543 2908 637 2971 suerit
659 2908 789 2994 plenum
803 2930 860 2995 per
883 2908 1001 2987 omnia,
1016 2908 1122 2972 denuo
1137 2906 1188 2971 t’ac
1210 2902 1385 2989 humidum,
1400 2917 1431 2972 et

336 3032 513 3096 superpone
528 3020 564 3073 ut
579 3011 674 3095 prius,
690 3020 724 3074 et
738 3032 815 3074 cave
829 3010 997 3096 diligenter
1011 3032 1050 3074 ne
1066 3011 1136 3097 plus
1151 3033 1232 3097 opus
1247 3011 1297 3075 sit

657 3396 882 3558 cxuuu
939 3458 1095 3554 xxx.

566 3687 613 3731 DE
635 3685 832 3730 FUNDENDIS
854 3683 1038 3729 sumemus
1060 3684 1201 3731 caulem.

399 3819 413 3882 1
437 3819 575 3882 volueris
603 3838 694 3881 sures
716 3815 805 3880 calici
830 3838 1000 3902 apponere,
1023 3838 1098 3881 mox
1125 3826 1162 3882 ut
1186 3820 1378 3904 percusseris
1402 3829 1434 3883 et

418 3919 541 3998 raseris,
557 3919 740 4006 priusquam
755 3917 859 4003 operis
881 3918 967 3981 aliud
982 3918 1014 3982 in
1030 3941 1069 3984 eo
1084 3921 1161 4007 quid
1177 3920 1286 4001 facias,
1302 3918 1434 4007 accepti

336 4025 410 4089 cerd
430 4023 532 4087 forma
546 4022 621 4086 inde
646 4043 748 4100 aures,
763 4029 797 4083 et
810 4018 921 4106 sculpe
943 4020 977 4084 iu
992 4021 1038 4085 eis
1052 4022 1207 4087 dracones
1227 4022 1294 4088 sive
1316 4022 1432 4087 bestias

336 4138 393 4192 aut
413 4149 498 4207 ares,
512 4127 563 4191 vel
578 4125 653 4190 folia
676 4124 974 4212 quomodocumque
989 4124 1086 4188 modo
1102 4123 1247 4189 volueris.
1294 4123 1335 4188 ln
1349 4144 1432 4188 sum·

337 4232 446 4298 mitate
461 4254 535 4297 vero
556 4230 718 4315 utriusque
740 4224 824 4290 auris
841 4248 923 4311 pone
947 4247 1058 4312 parum
1079 4247 1169 4305 cerae,
1185 4226 1339 4306 rotundae,
1355 4226 1434 4290 sicut

695 4438 701 4467 ¹
719 4440 736 4466 c
747 4435 864 4496 untur
876 4437 904 4484 a
917 4436 974 4485 coc.
988 4436 1088 4498 corps.
