3090 5174
326 507 389 570 416
785 528 964 572 sonsum.

323 701 427 764 penna
442 679 536 741 exire.
583 679 680 754 Quod
703 679 811 765 utique
834 680 875 742 ad
898 700 1009 743 omnes
1031 678 1154 743 colores
1169 680 1262 758 valet,
1286 681 1361 744 etsi
1376 683 1425 744 ni·

323 781 408 865 grior
423 782 524 858 fuerit,
540 781 589 843 bis
601 781 648 843 vel
664 792 710 844 ter
726 783 846 846 lavabis
861 783 956 869 aquA,
969 784 1019 846 vel
1036 792 1068 846 et
1083 785 1228 868 amplius,
1244 795 1277 847 et
1293 786 1341 850 sic
1356 809 1426 850 me·

322 883 483 945 liorabitur
498 906 553 968 per
568 883 639 946 duae
651 884 699 947 vel
715 895 780 948 tres
796 885 874 962 dies,
891 894 981 968 potes
996 886 1028 947 in
1043 907 1082 948 eo
1094 885 1254 948 dimittere
1269 887 1423 965 claream,

322 985 377 1046 sed
400 1007 496 1070 quam
521 985 635 1069 saepius
658 987 795 1049 mutabis
818 997 906 1050 tanto
929 986 1039 1050 melior
1059 986 1128 1050 erit.
1176 985 1276 1051 Potes
1293 1011 1424 1075 qnoque

322 1088 547 1171 distemperare
563 1109 637 1150 azur
655 1088 814 1172 albugine,
837 1089 979 1152 fricando
1000 1088 1100 1175 digito
1115 1089 1148 1151 in
1163 1090 1307 1165 vasculo,
1322 1091 1425 1154 donec

321 1188 399 1251 satis
415 1189 465 1267 sit,
482 1198 514 1251 et
535 1202 646 1273 postea
668 1190 787 1253 lavabis
810 1212 883 1253 cum
905 1212 998 1275 aqua,
1015 1202 1047 1254 et
1068 1213 1107 1255 eo
1123 1191 1243 1255 siccato
1259 1214 1345 1276 pone
1359 1193 1425 1257 cla-

322 1313 408 1354 ream
425 1312 547 1375 puram,
562 1300 594 1354 et
617 1302 689 1375 post
703 1292 774 1354 duae
790 1292 839 1355 vel
857 1301 920 1355 tres
936 1293 1003 1357 dies
1018 1293 1131 1357 iterum
1148 1294 1270 1357 lavabis
1286 1316 1346 1379 pro
1362 1318 1424 1359 ovo

322 1393 494 1454 inveterato
510 1400 541 1453 et
556 1392 646 1476 nigro
663 1392 758 1471 facto,
771 1403 803 1455 et
818 1393 940 1458 dimitte
951 1395 1054 1459 donec
1069 1396 1224 1459 siccatum
1236 1395 1279 1459 sit
1295 1404 1425 1481 propter

323 1494 488 1556 humorem
504 1516 606 1579 aquae.

650 1735 698 1741 ..-
708 1734 1133 1745 -——————-...-...

595 1945 640 1986 ns
662 1942 942 1987 raursanuauro
964 1942 1128 1986 conoaurr
1140 1921 1161 1985 ¹.

411 2076 596 2140 ZURIUM
614 2076 843 2140 Saracenorum
854 2076 974 2139 bonum
986 2084 1044 2138 est.
1085 2074 1167 2139 Item
1178 2076 1264 2139 aliud
1281 2079 1426 2141 azurium

454 2181 646 2259 Romanum,
669 2189 701 2243 et
723 2179 808 2242 aliud
831 2178 946 2241 dicitur
968 2176 1112 2239 indiumz
1136 2176 1235 2239 viride
1258 2177 1426 2257 Graecum,

324 2282 421 2346 viride
436 2292 591 2360 terrestre,
603 2281 818 2359 vermiculum,
833 2278 977 2356 minium,
992 2279 1100 2341 album
1115 2279 1156 2342 de
1171 2279 1300 2363 Apulia,
1316 2282 1426 2346 album

324 2384 365 2448 de
388 2383 523 2460 ossibus,
548 2391 580 2446 et
603 2383 709 2446 album
734 2382 773 2445 de
797 2381 939 2465 plumbo,
961 2380 1124 2458 brisillum,
1146 2381 1426 2467 auripigmentum,

325 2508 444 2563 oerum,
480 2485 651 2563 safrarum,
694 2484 862 2569 simplum,
898 2503 1035 2568 gormah
1054 2481 1291 2568 distemperatio
1322 2484 1427 2563 bruni,

326 2589 463 2675 gipsum,
479 2587 632 2651 foliolum.

371 2792 409 2855 In
425 2815 508 2857 azur.
525 2792 674 2858 Romano
689 2800 795 2878 potest
809 2790 935 2854 misceri
949 2790 1057 2853 album
1072 2789 1113 2853 de
1124 2789 1250 2876 Apulia.
1265 2787 1355 2854 Item
1371 2812 1427 2876 po-

324 2904 387 2960 test
402 2896 527 2959 misceri
542 2894 764 2980 auripigmenti
780 2901 812 2956 et
823 2903 872 2956 est
883 2891 982 2955 viride
996 2913 1154 2956 croceum.
1183 2890 1264 2955 Item
1280 2891 1309 2954 si
1324 2914 1428 2977 ponas

325 2997 412 3061 brisil
432 2998 491 3059 erit
502 3017 649 3082 purpura.
697 2994 780 3058 Item
800 2994 827 3058 si
847 3014 948 3080 ponas
969 2993 1175 3057 vermiculum
1195 2994 1255 3056 erit
1274 2993 1424 3061 brunum

326 3097 435 3160 Viride
450 3098 490 3160 de
509 3098 625 3182 graecia
648 3105 754 3182 potest
774 3095 899 3159 misceri
914 3117 988 3159 cum
1007 3095 1081 3159 albo
1096 3095 1136 3158 de
1151 3095 1269 3181 Apulia
1285 3104 1428 3182 utroque

325 3221 397 3263 cnm
413 3197 487 3262 vino
508 3207 693 3284 temperato,
715 3207 821 3260 autem
838 3206 910 3261 ntro
932 3197 1058 3261 illorum
1073 3219 1145 3261 cum
1162 3218 1234 3276 ovo,
1257 3205 1290 3260 et
1305 3195 1355 3261 sic
1370 3199 1428 3261 fiet

325 3303 433 3367 album
449 3300 557 3366 viride.
607 3299 688 3363 Item
711 3299 737 3362 si
760 3320 861 3384 ponas
879 3299 912 3361 iu
934 3298 1026 3361 viridi
1047 3298 1220 3378 safranum,
1242 3297 1304 3361 erit
1326 3298 1428 3363 viride

324 3427 482 3484 croceum,
492 3403 537 3467 ita
546 3412 653 3466 tamen
668 3401 777 3465 sicum
790 3401 865 3464 rino
877 3400 1039 3464 safranum
1054 3400 1147 3464 fuerit
1161 3400 1428 3485 distemperatum

324 3508 407 3573 adde
428 3516 461 3572 et
482 3506 509 3570 si
530 3504 578 3568 ria
601 3504 718 3568 album.
763 3502 888 3565 Eodem
911 3500 1009 3566 modo
1031 3502 1072 3567 de
1094 3501 1185 3567 viridi
1206 3503 1349 3567 terrestri
1368 3525 1427 3568 ex·

323 3620 417 3697 cepto
432 3608 518 3695 quod
542 3607 668 3670 molitur
681 3626 753 3668 cum
770 3625 864 3689 aqua,
887 3612 919 3667 ct
933 3613 1046 3689 postea
1064 3604 1191 3690 ponitur
1205 3603 1238 3666 in
1253 3625 1293 3667 ea
1307 3605 1427 3670 clama

326 3712 366 3775 In
390 3710 561 3775 vermiculo
585 3708 612 3772 si
637 3706 770 3770 misceas
793 3705 901 3769 album
926 3705 981 3767 liet
1003 3705 1189 3769 carminum.
1235 3702 1270 3767 Si
1284 3706 1427 3770 misceas

323 3836 398 3878 azur
414 3832 579 3875 romanum
594 3810 652 3873 erit
666 3809 812 3872 brunum.
857 3806 975 3870 Album
991 3807 1032 3870 de
1043 3808 1159 3893 Apulia
1177 3815 1283 3891 potest
1297 3807 1428 3871 misceri

323 3936 397 3979 cnm
428 3933 522 3975 azuro
544 3910 624 3988 solo,
648 3910 813 3974 etiterum
835 3930 908 3972 cum
934 3930 1030 3973 azuro
1052 3918 1084 3972 et
1105 3909 1236 3989 brisillo,
1254 3916 1287 3971 et
1308 3909 1428 3973 iterum

323 4038 397 4081 cum
417 4035 511 4078 azuro
526 4032 668 4090 romano,
691 4033 814 4074 necnon
835 4019 868 4074 et
890 4018 997 4095 potest
1018 4010 1142 4074 misceri
1162 4032 1236 4074 cum
1249 4010 1345 4074 viridi
1359 4020 1427 4076 ter-

323 4117 422 4183 restri.
466 4114 585 4177 Album
603 4112 643 4175 de
665 4111 788 4175 ossibus
810 4134 882 4175 cum
905 4111 1137 4198 auripigmento
1156 4121 1263 4198 potest
1284 4112 1425 4193 misceri,

325 4243 396 4309 qnae
425 4217 562 4281 mixtura
583 4214 624 4277 de
653 4214 715 4277 alio
745 4213 812 4277 lieri
828 4236 893 4277 uon
916 4222 1030 4299 potest,
1057 4215 1143 4301 quod
1173 4215 1282 4301 utique
1312 4214 1425 4278 album

322 4331 447 4386 tantum
476 4316 649 4405 pictoribus
681 4324 729 4379 est
757 4315 981 4379 necessarium.
1040 4318 1316 4403 Auripigmentnm
1347 4337 1424 4380 cum

699 4462 705 4490 ¹
723 4462 776 4510 “ab
788 4461 877 4510 Eraclia
888 4464 1018 4524 excerpto.”
