3166 5190
334 498 398 559 932
683 516 873 560 rasorium
899 517 1002 561 maan
1026 517 1078 560 111.

333 668 428 751 imple
451 670 532 743 cers,
554 678 585 729 et
609 690 681 730 cum
707 668 890 753 refrigerata
911 669 1015 747 fuerit,
1031 678 1103 733 tene
1126 668 1230 754 ipsum
1253 670 1364 755 pedem
1390 670 1421 731 in

332 769 456 831 sinistra
479 792 585 847 manu,
601 782 633 834 et
655 771 686 834 in
709 771 840 837 dextera
860 774 976 837 sermm
991 795 1090 837 unum
1112 773 1231 837 ductile
1250 797 1289 838 ac
1311 786 1422 851 tenue;

332 879 365 933 et
390 871 440 933 fac
464 894 594 956 puerum
622 874 731 937 sedere
751 875 846 960 juxta
872 885 913 953 te,
939 877 995 962 qui
1018 877 1172 961 percutiat
1194 899 1267 941 cum
1294 879 1423 963 parvulo

333 973 448 1036 malleo
463 996 557 1060 super
572 976 688 1039 serrum
703 975 736 1038 in
751 998 940 1063 quocunque
955 978 1026 1042 loco
1047 978 1122 1042 illud
1138 979 1292 1063 posueris,
1306 988 1340 1044 et
1353 980 1425 1042 inde
1519 1019 1524 1027 ·

333 1074 515 1160 designabis
530 1078 670 1153 anulum,
683 1077 736 1164 qui
757 1078 838 1141 inter
854 1080 972 1142 nodum
988 1090 1021 1142 et
1035 1080 1148 1166 pedem
1163 1081 1196 1143 in
1211 1080 1342 1144 circuitu
1357 1105 1426 1145 asse

333 1178 437 1242 debet.
483 1179 558 1255 Quo
573 1180 739 1264 designato
754 1179 881 1244 effunde
897 1203 1003 1245 ceram
1017 1191 1050 1245 et
1070 1192 1194 1246 recocto
1210 1183 1291 1267 pede
1312 1182 1425 1245 iterum

333 1282 439 1367 imple,
450 1292 485 1345 ut
495 1282 623 1345 anulum
633 1281 820 1367 profundius
831 1284 988 1368 percutias
998 1285 1080 1349 sicut
1090 1286 1194 1371 prius3
1210 1287 1317 1372 sicque
1329 1287 1426 1350 facies

331 1386 434 1451 donec
450 1409 522 1450 eum
537 1386 697 1472 aequaliter
712 1408 786 1450 cum
809 1386 874 1450 suis
889 1387 995 1473 grauis
1009 1388 1163 1473 perficias.
1210 1387 1337 1451 Deinde
1352 1388 1427 1451 lima

333 1490 452 1554 nodum
467 1500 498 1553 et
523 1488 610 1566 mdc,
625 1498 658 1551 et
679 1488 764 1552 circa
785 1488 899 1573 pedem
920 1488 1099 1552 interisset
1119 1488 1266 1566 exterius,
1282 1497 1314 1552 et
1336 1510 1426 1553 oram

332 1592 418 1675 ejus;
442 1592 549 1677 sicque
578 1590 674 1654 facies
703 1590 736 1653 in
762 1590 868 1655 medio
895 1591 969 1655 nodi
999 1591 1142 1655 foramen
1170 1591 1427 1678 quadrangulum

332 1691 505 1755 secundum
521 1694 729 1778 quantitatem
745 1695 856 1757 caudas
878 1693 1046 1779 superioris
1062 1693 1156 1774 vasis,
1172 1703 1204 1756 et
1218 1694 1251 1756 in
1265 1716 1304 1758 eo
1327 1716 1428 1779 pones

332 1793 465 1878 spissam
482 1805 602 1879 partem
626 1795 759 1881 argenti,
782 1797 960 1875 rotundam,
983 1796 1096 1860 eodem
1112 1796 1209 1860 modo
1224 1796 1427 1881 perforatam.

333 1896 444 1960 Facies
456 1920 582 1983 quoque
594 1900 723 1961 anulum
735 1899 943 1984 singulariter,
954 1899 1009 1984 qui
1017 1910 1101 1962 stare
1112 1899 1208 1962 debet
1216 1900 1296 1962 inter
1306 1901 1428 1963 nodum

331 2010 364 2063 et
378 2022 434 2063 vas
446 2001 599 2086 superius,
615 2000 726 2064 eadem
741 2001 918 2087 quantitate
933 2011 965 2064 et
978 2001 1082 2086 specie
1098 2003 1179 2065 sicut
1193 2013 1242 2066 est
1256 2003 1316 2081 ille,
1329 2025 1429 2089 quem

331 2104 440 2168 ductili
456 2104 536 2167 ferro
560 2104 702 2167 formasti
716 2104 776 2169 sub
799 2103 896 2181 uodo,
911 2115 943 2168 et
958 2104 1116 2189 accipiens
1139 2103 1255 2168 ferrum
1276 2105 1428 2168 obtusum

332 2206 459 2271 fricabis
474 2228 567 2292 super
590 2220 694 2270 cotem
710 2207 876 2291 aequalem,
890 2205 1006 2269 deinde
1030 2226 1124 2290 super
1143 2205 1284 2292 ligneum
1306 2192 1435 2292 querci-⁸

332 2332 437 2389 neum,
452 2309 600 2395 imposito
615 2309 643 2373 ei
670 2310 808 2373 carbone
824 2309 907 2386 trito,
928 2318 961 2372 et
981 2330 1055 2373 cum
1070 2331 1109 2373 eo
1132 2308 1231 2393 polies
1251 2309 1358 2393 ipsum
1375 2330 1430 2373 ras

331 2412 460 2476 interius
475 2422 507 2475 et
528 2412 676 2492 exterius,
692 2411 811 2475 nodum
826 2420 859 2475 et
874 2412 986 2496 pedem
1001 2421 1034 2474 et
1055 2411 1195 2490 anulum,
1211 2410 1321 2496 sicque
1336 2411 1430 2475 frica-

332 2515 381 2578 bis
394 2537 466 2579 cum
478 2536 585 2600 panno
600 2523 632 2578 et
647 2514 733 2578 cretil
747 2512 903 2577 subtiliter
918 2514 1001 2594 rasis,
1015 2514 1117 2578 donec
1140 2514 1270 2578 omnino
1286 2513 1428 2578 lucidum

332 2617 388 2680 fiat
417 2638 506 2701 opus.
553 2615 614 2679 His
640 2617 684 2679 ita
709 2616 844 2702 peractis
869 2615 957 2679 finde
978 2615 1113 2679 caudam
1129 2615 1213 2678 vasis
1234 2615 1267 2677 in
1289 2627 1430 2701 quatuor

331 2717 476 2803 usquein
487 2718 624 2781 medium
635 2740 708 2782 curu
721 2718 797 2782 lima
808 2727 912 2796 tenue,
924 2727 956 2781 et
966 2739 1077 2781 eversa
1088 2738 1160 2780 eum
1173 2737 1266 2801 super
1278 2716 1429 2783 incudem

331 2821 499 2884 rotundam
515 2820 560 2883 ita
576 2830 611 2883 ut
624 2821 785 2905 requnliter
799 2820 949 2906 pendeat,
958 2830 991 2884 et
1005 2841 1183 2906 superpone
1197 2820 1226 2883 ei
1241 2821 1388 2900 anulum,
1399 2831 1430 2885 et

330 2923 363 2986 in
378 2923 533 2986 foramine
547 2922 624 2986 nodi
638 2923 784 3001 caudam,
800 2923 1035 3009 particulasque
1050 2944 1121 3010 quoe
1137 2922 1230 2986 inest
1243 2923 1385 3008 desuper
1399 2933 1430 2987 et

329 3036 440 3089 tenens
456 3023 523 3087 haec
539 3046 612 3088 cum
628 3024 753 3088 sinistre
767 3046 864 3088 mauu
881 3024 1001 3089 fortiter
1015 3034 1048 3088 et
1061 3024 1233 3112 aequaliter,
1248 3036 1281 3088 et
1298 3024 1332 3087 iu
1348 3026 1428 3089 dex-

330 3138 397 3191 tera
406 3127 522 3192 ferrum
538 3127 656 3192 ductile
668 3128 757 3192 mitte
771 3127 804 3191 in
819 3127 940 3194 nodum
952 3137 984 3192 et
998 3128 1048 3192 fac
1063 3126 1207 3212 superius
1223 3128 1347 3213 percuti
1357 3150 1429 3192 cum

330 3229 445 3294 malleo
454 3230 606 3295 mediocri
616 3230 720 3295 donec
731 3231 876 3317 configas
886 3231 1027 3294 firmiter.
1072 3228 1192 3293 Postea
1205 3228 1303 3292 funde
1315 3251 1430 3317 argen-

329 3343 407 3414 tum,
422 3333 510 3420 quod
525 3333 641 3398 limasti
656 3343 688 3398 et
702 3333 804 3397 rasisti
819 3355 893 3397 cum
907 3355 946 3397 eo
961 3332 1048 3419 quod
1063 3331 1221 3395 residuum
1236 3338 1295 3409 est,
1305 3341 1340 3394 et
1355 3353 1429 3417 per·

329 3444 401 3500 cute
416 3436 550 3500 rotulam
560 3457 632 3500 cum
649 3435 766 3500 circino
777 3445 936 3521 aquatam
949 3444 1045 3498 tanta
1060 3433 1234 3497 latitudinis
1246 3441 1372 3518 quauta
1382 3442 1430 3498 eat

328 3539 462 3603 altitudo
482 3538 590 3603 calicis
615 3559 636 3601 a
659 3537 740 3623 pede
762 3536 892 3601 inferius
912 3558 1014 3623 usque
1038 3535 1078 3599 ad
1105 3557 1195 3599 oram
1218 3534 1377 3620 superius,
1398 3543 1429 3599 et

327 3640 453 3705 modice
467 3641 612 3726 amplius,
628 3650 660 3704 st
674 3639 720 3703 sic
742 3647 870 3724 percute
884 3660 999 3702 cavum
1014 3637 1144 3702 interius
1166 3637 1341 3701 secundum
1358 3638 1428 3702 lati·

326 3742 469 3807 tudinem
487 3742 570 3806 vasis
594 3741 747 3828 superius,
762 3739 807 3803 itu
830 3748 866 3803 ut
889 3740 1054 3827 mqualiter
1068 3739 1170 3825 possit
1192 3740 1225 3802 in
1247 3762 1286 3804 eo
1304 3740 1425 3825 jacere.

329 3841 414 3907 Etsi
429 3844 573 3921 volueris,
589 3844 640 3909 sse
662 3843 797 3907 circulos
811 3842 893 3907 duos
914 3842 1045 3906 interius
1059 3863 1132 3906 cum
1154 3841 1284 3920 circino,
1299 3852 1334 3906 et
1356 3863 1428 3928 per·
