3096 5168
631 530 819 573 rasorium
845 529 947 572 muru
972 530 1008 571 ΙΙ.

627 985 861 1080 CAPUT
920 984 1005 1079 lu

462 1262 507 1303 DE
530 1261 770 1305 COMMIX'I'IONE
793 1261 950 1304 ClNERUM
976 1261 1016 1305 ET
1039 1262 1175 1305 sunum.

272 1461 401 1613 His
425 1464 468 1526 ita
482 1465 675 1549 compositis,
690 1466 798 1551 accipe
814 1465 900 1550 ligna
920 1465 1047 1550 faginea
1069 1466 1199 1531 omnino
1221 1467 1254 1529 in
1277 1467 1367 1532 fumo

374 1566 542 1643 exsiccata,
559 1576 590 1629 et
612 1568 749 1632 accende
772 1568 879 1650 ignem
902 1568 1065 1654 copiosum
1087 1569 1120 1630 in
1142 1570 1254 1655 majori
1272 1570 1368 1633 furno

269 1691 308 1732 ex
336 1678 467 1755 utraque
492 1680 589 1754 parte.
637 1671 762 1734 Deinde
787 1671 900 1734 tollens
924 1671 1005 1734 duas
1028 1681 1132 1757 partes
1158 1672 1297 1736 cinerum
1324 1672 1370 1737 de

269 1770 384 1856 quibus
400 1770 656 1854 supradiximus,
672 1782 703 1835 et
724 1773 851 1836 tertiam
873 1773 974 1836 sabuli
997 1773 1167 1859 diligentur
1180 1774 1220 1838 de
1236 1783 1320 1837 terra
1333 1784 1371 1837 et

271 1871 428 1957 lapidibus
450 1873 585 1957 purgati,
608 1874 694 1959 quod
721 1875 761 1938 de
787 1897 870 1961 aqua
895 1875 1013 1954 tuleris,
1035 1875 1205 1940 commisce
1234 1876 1267 1938 in
1292 1876 1369 1940 loco

270 1974 399 2038 munde.
446 1974 592 2061 Cumque
608 1976 709 2040 diuet
731 1978 811 2041 bene
826 1977 999 2041 commixta
1019 1976 1144 2055 fuerint,
1159 1978 1267 2041 levans
1289 2000 1369 2041 cum

269 2077 361 2140 trulla
374 2078 473 2142 ferrea
485 2101 567 2163 pone
580 2078 611 2141 in
623 2079 734 2142 minori
753 2091 839 2164 parte
854 2078 936 2142 furni
951 2100 1045 2164 super
1058 2079 1156 2143 larem
1172 2079 1367 2165 superiorem

271 2187 306 2241 ut
327 2190 514 2266 coquantur,
531 2189 563 2243 et
584 2202 656 2243 cum
678 2181 831 2266 coeperint
852 2181 997 2261 calefieri,
1012 2181 1119 2246 statim
1141 2181 1251 2248 eadem
1273 2181 1371 2246 trulla

272 2303 374 2361 move,
390 2305 429 2346 ne
453 2283 533 2347 forte
557 2283 720 2369 liquefiant
745 2306 765 2347 a
789 2284 893 2348 calore
919 2283 1001 2370 ignis
1027 2293 1059 2348 et
1080 2285 1369 2371 conglomerentur,

271 2384 379 2471 sicque
392 2386 488 2450 facies
503 2407 558 2471 per
573 2386 710 2470 spatium
726 2387 819 2450 unius
834 2387 936 2451 noctis
953 2396 985 2451 et
999 2387 1070 2451 diei.

639 3159 867 3256 CAPUT
928 3159 981 3253 l

370 3420 416 3464 DE
438 3418 534 3464 vnsffl
557 3420 676 3465 opums
699 3423 742 3465 m·
764 3423 811 3466 DE
832 3421 1019 3474 cooussnno
1042 3422 1146 3467 vmm
1169 3421 1267 3466 Anno.

276 3624 351 3774 IN
376 3648 440 3712 quo
466 3627 570 3714 spatio
593 3624 701 3709 accipe
724 3625 825 3688 lutum
847 3625 964 3703 album,
986 3647 1027 3689 ex
1048 3646 1112 3711 quo
1134 3634 1372 3711 componuntur

336 3729 418 3808 ollae,
432 3738 465 3792 et
481 3728 645 3793 exsiccans
666 3736 733 3791 tere
754 3727 931 3813 diligenter,
947 3736 979 3791 et
1000 3727 1105 3791 infusa
1126 3748 1220 3813 aqua,
1242 3748 1372 3792 macera

274 3852 347 3894 curn
369 3830 457 3914 ligno
479 3832 610 3909 sortiter,
633 3841 665 3896 et
686 3853 842 3917 compone
865 3853 941 3895 vasa
962 3840 1029 3910 tua,
1047 3853 1118 3917 quae
1139 3830 1203 3894 sint
1224 3830 1373 3915 superius

274 3932 348 4010 lata,
363 3930 491 3997 inferius
506 3954 582 3997 vero
605 3934 723 4012 stricta,
739 3933 890 3998 habentia
912 3933 994 3997 circa
1016 3954 1072 3997 ora
1093 3932 1212 4003 labium
1234 3952 1374 4017 parvum

274 4034 404 4098 interius
420 4055 595 4098 recurvum.
641 4035 724 4111 Quae
733 4059 806 4100 cum
818 4037 901 4100 sicca
912 4036 1035 4116 fuerint,
1047 4036 1155 4123 accipe
1166 4059 1238 4101 cum
1248 4036 1374 4122 forcipe

274 4157 397 4224 ponens
413 4137 497 4201 eain
513 4137 666 4203 foramine
681 4138 764 4202 furni
779 4140 944 4204 candentis
959 4139 1000 4203 ad
1015 4139 1077 4203 hoc
1088 4140 1206 4225 aptata,
1216 4148 1248 4202 et
1259 4138 1373 4203 levans

275 4262 348 4304 cum
372 4240 466 4303 trulla
490 4240 610 4304 cineres
633 4250 742 4305 coctos
766 4243 878 4307 sabulo
903 4243 1029 4320 mixtos,
1051 4241 1148 4327 imple
1170 4240 1276 4305 omnia
1290 4260 1373 4304 rasa

275 4365 415 4430 vespere,
431 4352 462 4408 et
484 4367 539 4430 per
560 4353 661 4410 totam
684 4356 810 4410 noctem
833 4346 915 4410 adde
931 4346 1017 4432 ligna
1031 4345 1126 4425 sicca,
1142 4353 1177 4407 ut
1191 4344 1301 4405 vitrum
1327 4365 1372 4406 ex

276 4447 432 4512 cineribus
446 4456 479 4511 et
494 4448 605 4512 sabulo
621 4447 757 4534 plenitur
773 4448 976 4535 liquefactum
992 4455 1154 4534 coquatur.
