<?xml version="1.0" encoding="UTF-8"?>
<!DOCTYPE html PUBLIC "-//W3C//DTD XHTML 1.0 Transitional//EN"
    "http://www.w3.org/TR/xhtml1/DTD/xhtml1-transitional.dtd">
<html xmlns="http://www.w3.org/1999/xhtml" xml:lang="en" lang="en">
 <head>
  <title>
</title>
<meta http-equiv="Content-Type" content="text/html;charset=utf-8" />
  <meta name='ocr-system' content='tesseract 3.04.00' />
  <meta name='ocr-capabilities' content='ocr_page ocr_carea ocr_par ocr_line ocrx_word'/>
</head>
<body>
  <div class='ocr_page' id='page_1' title='image "./theophiliquietr01hendgoog_0283.png"; bbox 0 0 3166 5190; ppageno 0'>
   <div class='ocr_carea' id='block_1_1' title="bbox 683 572 1076 614">
    <p class='ocr_par' dir='ltr' id='par_1_1' title="bbox 683 572 1076 614">
     <span class='ocr_line' id='line_1_1' title="bbox 683 572 1076 614; baseline 0 -1"><span class='ocrx_word' id='word_1_1' title='bbox 683 572 872 614; x_wconf 75' lang='lat' dir='ltr'>&#39;l&#39;llEttPlllLl</span> <span class='ocrx_word' id='word_1_2' title='bbox 900 573 1000 614; x_wconf 63' lang='lat' dir='ltr'>mnan</span> <span class='ocrx_word' id='word_1_3' title='bbox 1026 574 1076 614; x_wconf 84' lang='lat'>111.</span> 
     </span>
    </p>
   </div>
   <div class='ocr_carea' id='block_1_2' title="bbox 693 805 1104 901">
    <p class='ocr_par' dir='ltr' id='par_1_2' title="bbox 693 805 1104 901">
     <span class='ocr_line' id='line_1_2' title="bbox 693 805 1104 901; baseline -0.007 0"><span class='ocrx_word' id='word_1_4' title='bbox 693 807 929 901; x_wconf 79' lang='lat' dir='ltr'><strong>CAPUT</strong></span> <span class='ocrx_word' id='word_1_5' title='bbox 976 805 1104 898; x_wconf 76' lang='lat' dir='ltr'>Vl‘</span> 
     </span>
    </p>
   </div>
   <div class='ocr_carea' id='block_1_3' title="bbox 787 1026 1012 1069">
    <p class='ocr_par' dir='ltr' id='par_1_3' title="bbox 787 1026 1012 1069">
     <span class='ocr_line' id='line_1_3' title="bbox 787 1026 1012 1069; baseline -0.009 0"><span class='ocrx_word' id='word_1_6' title='bbox 787 1029 832 1069; x_wconf 79' lang='lat' dir='ltr'>DE</span> <span class='ocrx_word' id='word_1_7' title='bbox 855 1026 1012 1068; x_wconf 75' lang='lat' dir='ltr'>MALLnrs.</span> 
     </span>
    </p>
   </div>
   <div class='ocr_carea' id='block_1_4' title="bbox 328 1177 1424 1567">
    <p class='ocr_par' dir='ltr' id='par_1_4' title="bbox 428 1177 1422 1263">
     <span class='ocr_line' id='line_1_4' title="bbox 428 1177 1422 1263; baseline -0.003 -21"><span class='ocrx_word' id='word_1_8' title='bbox 428 1179 560 1242; x_wconf 84' lang='lat' dir='ltr'>ALLEl</span> <span class='ocrx_word' id='word_1_9' title='bbox 587 1181 686 1255; x_wconf 90' lang='lat' dir='ltr'>multi,</span> <span class='ocrx_word' id='word_1_10' title='bbox 709 1180 855 1263; x_wconf 84' lang='lat' dir='ltr'>majores,</span> <span class='ocrx_word' id='word_1_11' title='bbox 876 1179 1013 1241; x_wconf 87' lang='lat' dir='ltr'>minores</span> <span class='ocrx_word' id='word_1_12' title='bbox 1035 1189 1066 1240; x_wconf 90' lang='lat' dir='ltr'>et</span> <span class='ocrx_word' id='word_1_13' title='bbox 1087 1177 1184 1262; x_wconf 87' lang='lat' dir='ltr'>parvi,</span> <span class='ocrx_word' id='word_1_14' title='bbox 1205 1177 1237 1240; x_wconf 92' lang='lat' dir='ltr'>in</span> <span class='ocrx_word' id='word_1_15' title='bbox 1258 1199 1322 1239; x_wconf 88' lang='lat' dir='ltr'>una</span> <span class='ocrx_word' id='word_1_16' title='bbox 1337 1188 1422 1261; x_wconf 89' lang='lat' dir='ltr'>parte</span> 
     </span>
    </p>

    <p class='ocr_par' dir='ltr' id='par_1_5' title="bbox 384 1278 1423 1366">
     <span class='ocr_line' id='line_1_5' title="bbox 384 1278 1423 1366; baseline -0.007 -20"><span class='ocrx_word' id='word_1_17' title='bbox 384 1322 387 1327; x_wconf 93' lang='lat'>·</span> <span class='ocrx_word' id='word_1_18' title='bbox 416 1322 424 1329; x_wconf 94' lang='lat'>-</span> <span class='ocrx_word' id='word_1_19' title='bbox 471 1284 536 1359; x_wconf 87' lang='lat' dir='ltr'>lati,</span> <span class='ocrx_word' id='word_1_20' title='bbox 553 1283 583 1344; x_wconf 94' lang='lat' dir='ltr'>in</span> <span class='ocrx_word' id='word_1_21' title='bbox 605 1284 704 1345; x_wconf 85' lang='lat' dir='ltr'>altera</span> <span class='ocrx_word' id='word_1_22' title='bbox 724 1282 832 1345; x_wconf 91' lang='lat' dir='ltr'>stricti.</span> <span class='ocrx_word' id='word_1_23' title='bbox 880 1280 961 1344; x_wconf 89' lang='lat' dir='ltr'>ltem</span> <span class='ocrx_word' id='word_1_24' title='bbox 979 1280 1082 1343; x_wconf 86' lang='lat' dir='ltr'>mallei</span> <span class='ocrx_word' id='word_1_25' title='bbox 1099 1281 1184 1366; x_wconf 90' lang='lat' dir='ltr'>longi</span> <span class='ocrx_word' id='word_1_26' title='bbox 1199 1292 1231 1342; x_wconf 91' lang='lat' dir='ltr'>et</span> <span class='ocrx_word' id='word_1_27' title='bbox 1246 1279 1376 1364; x_wconf 87' lang='lat' dir='ltr'>graciles</span> <span class='ocrx_word' id='word_1_28' title='bbox 1391 1278 1423 1339; x_wconf 93' lang='lat' dir='ltr'>in</span> 
     </span>
    </p>

    <p class='ocr_par' dir='ltr' id='par_1_6' title="bbox 328 1381 1424 1567">
     <span class='ocr_line' id='line_1_6' title="bbox 328 1381 1424 1470; baseline -0.005 -23"><span class='ocrx_word' id='word_1_29' title='bbox 328 1387 510 1449; x_wconf 73' lang='lat' dir='ltr'>summitate</span> <span class='ocrx_word' id='word_1_30' title='bbox 527 1385 664 1463; x_wconf 88' lang='lat' dir='ltr'>rotundi,</span> <span class='ocrx_word' id='word_1_31' title='bbox 681 1385 816 1470; x_wconf 87' lang='lat' dir='ltr'>majores</span> <span class='ocrx_word' id='word_1_32' title='bbox 832 1394 863 1446; x_wconf 93' lang='lat' dir='ltr'>et</span> <span class='ocrx_word' id='word_1_33' title='bbox 875 1383 1023 1446; x_wconf 87' lang='lat' dir='ltr'>minores.</span> <span class='ocrx_word' id='word_1_34' title='bbox 1067 1381 1148 1445; x_wconf 89' lang='lat' dir='ltr'>ltem</span> <span class='ocrx_word' id='word_1_35' title='bbox 1164 1382 1267 1445; x_wconf 87' lang='lat' dir='ltr'>mallei</span> <span class='ocrx_word' id='word_1_36' title='bbox 1284 1381 1424 1467; x_wconf 87' lang='lat' dir='ltr'>superius</span> 
     </span>
     <span class='ocr_line' id='line_1_7' title="bbox 329 1488 687 1567; baseline 0 -18"><span class='ocrx_word' id='word_1_37' title='bbox 329 1490 462 1567; x_wconf 89' lang='lat' dir='ltr'>cornuti,</span> <span class='ocrx_word' id='word_1_38' title='bbox 477 1488 607 1551; x_wconf 85' lang='lat' dir='ltr'>inferius</span> <span class='ocrx_word' id='word_1_39' title='bbox 624 1488 687 1550; x_wconf 92' lang='lat' dir='ltr'>lati.</span> 
     </span>
    </p>
   </div>
   <div class='ocr_carea' id='block_1_5' title="bbox 677 1858 1078 1956">
    <p class='ocr_par' dir='ltr' id='par_1_7' title="bbox 677 1858 1078 1956">
     <span class='ocr_line' id='line_1_8' title="bbox 677 1858 1078 1956; baseline -0.007 0"><span class='ocrx_word' id='word_1_40' title='bbox 677 1858 904 1956; x_wconf 84' lang='lat' dir='ltr'><strong>CAPUT</strong></span> <span class='ocrx_word' id='word_1_41' title='bbox 953 1858 1078 1954; x_wconf 78' lang='lat' dir='ltr'>Vll</span> 
     </span>
    </p>
   </div>
   <div class='ocr_carea' id='block_1_6' title="bbox 742 2079 1024 2122">
    <p class='ocr_par' dir='ltr' id='par_1_8' title="bbox 742 2079 1024 2122">
     <span class='ocr_line' id='line_1_9' title="bbox 742 2079 1024 2122; baseline -0.004 -2"><span class='ocrx_word' id='word_1_42' title='bbox 742 2080 787 2121; x_wconf 83' lang='lat' dir='ltr'>DE</span> <span class='ocrx_word' id='word_1_43' title='bbox 811 2079 1024 2122; x_wconf 73' lang='lat' dir='ltr'>Poacu’luus</span> 
     </span>
    </p>
   </div>
   <div class='ocr_carea' id='block_1_7' title="bbox 332 2224 1428 2625">
    <p class='ocr_par' dir='ltr' id='par_1_9' title="bbox 332 2224 1428 2625">
     <span class='ocr_line' id='line_1_10' title="bbox 409 2224 1428 2307; baseline 0.004 -16"><span class='ocrx_word' id='word_1_44' title='bbox 409 2224 609 2291; x_wconf 75' lang='lat' dir='ltr'>ORCIPES</span> <span class='ocrx_word' id='word_1_45' title='bbox 633 2230 795 2292; x_wconf 79' lang='lat' dir='ltr'>manuales</span> <span class='ocrx_word' id='word_1_46' title='bbox 819 2229 925 2307; x_wconf 74' lang='lat' dir='ltr'>fortae,</span> <span class='ocrx_word' id='word_1_47' title='bbox 948 2228 1101 2292; x_wconf 87' lang='lat' dir='ltr'>habentes</span> <span class='ocrx_word' id='word_1_48' title='bbox 1125 2230 1227 2292; x_wconf 89' lang='lat' dir='ltr'>nodos</span> <span class='ocrx_word' id='word_1_49' title='bbox 1250 2230 1282 2293; x_wconf 93' lang='lat' dir='ltr'>in</span> <span class='ocrx_word' id='word_1_50' title='bbox 1301 2231 1428 2294; x_wconf 84' lang='lat' dir='ltr'>summi·</span> 
     </span>
     <span class='ocr_line' id='line_1_11' title="bbox 430 2332 1427 2419; baseline 0.005 -26"><span class='ocrx_word' id='word_1_51' title='bbox 430 2342 505 2407; x_wconf 86' lang='lat' dir='ltr'>tate,</span> <span class='ocrx_word' id='word_1_52' title='bbox 528 2333 664 2415; x_wconf 86' lang='lat' dir='ltr'>majores</span> <span class='ocrx_word' id='word_1_53' title='bbox 686 2344 717 2396; x_wconf 93' lang='lat' dir='ltr'>et</span> <span class='ocrx_word' id='word_1_54' title='bbox 741 2333 887 2395; x_wconf 76' lang='lat' dir='ltr'>minores,</span> <span class='ocrx_word' id='word_1_55' title='bbox 934 2332 1016 2394; x_wconf 90' lang='lat' dir='ltr'>Item</span> <span class='ocrx_word' id='word_1_56' title='bbox 1040 2332 1173 2417; x_wconf 74' lang='lat' dir='ltr'>forcipes</span> <span class='ocrx_word' id='word_1_57' title='bbox 1194 2332 1282 2417; x_wconf 85' lang='lat' dir='ltr'>longi</span> <span class='ocrx_word' id='word_1_58' title='bbox 1307 2345 1341 2397; x_wconf 90' lang='lat' dir='ltr'>et</span> <span class='ocrx_word' id='word_1_59' title='bbox 1357 2357 1427 2419; x_wconf 88' lang='lat' dir='ltr'>gra·</span> 
     </span>
     <span class='ocr_line' id='line_1_12' title="bbox 332 2433 1427 2521; baseline 0.002 -24"><span class='ocrx_word' id='word_1_60' title='bbox 332 2435 417 2497; x_wconf 83' lang='lat' dir='ltr'>ciles</span> <span class='ocrx_word' id='word_1_61' title='bbox 466 2434 545 2497; x_wconf 91' lang='lat' dir='ltr'>ltem</span> <span class='ocrx_word' id='word_1_62' title='bbox 567 2434 702 2521; x_wconf 82' lang='lat' dir='ltr'>forcipes</span> <span class='ocrx_word' id='word_1_63' title='bbox 724 2435 833 2499; x_wconf 85' lang='lat' dir='ltr'>fusorii</span> <span class='ocrx_word' id='word_1_64' title='bbox 848 2435 944 2520; x_wconf 82' lang='lat' dir='ltr'>longi,</span> <span class='ocrx_word' id='word_1_65' title='bbox 966 2446 997 2497; x_wconf 87' lang='lat' dir='ltr'>et</span> <span class='ocrx_word' id='word_1_66' title='bbox 1011 2433 1044 2496; x_wconf 89' lang='lat' dir='ltr'>in</span> <span class='ocrx_word' id='word_1_67' title='bbox 1060 2433 1207 2496; x_wconf 82' lang='lat' dir='ltr'>anteriori</span> <span class='ocrx_word' id='word_1_68' title='bbox 1221 2446 1312 2517; x_wconf 88' lang='lat' dir='ltr'>parte</span> <span class='ocrx_word' id='word_1_69' title='bbox 1326 2436 1427 2499; x_wconf 89' lang='lat' dir='ltr'>modi·</span> 
     </span>
     <span class='ocr_line' id='line_1_13' title="bbox 332 2535 1428 2625; baseline 0.002 -25"><span class='ocrx_word' id='word_1_70' title='bbox 332 2558 404 2600; x_wconf 89' lang='lat' dir='ltr'>cum</span> <span class='ocrx_word' id='word_1_71' title='bbox 420 2538 517 2599; x_wconf 92' lang='lat' dir='ltr'>curvi.</span> <span class='ocrx_word' id='word_1_72' title='bbox 564 2536 645 2600; x_wconf 78' lang='lat' dir='ltr'>Item</span> <span class='ocrx_word' id='word_1_73' title='bbox 662 2538 796 2624; x_wconf 79' lang='lat' dir='ltr'>forcipes</span> <span class='ocrx_word' id='word_1_74' title='bbox 813 2538 995 2614; x_wconf 89' lang='lat' dir='ltr'>mediocres,</span> <span class='ocrx_word' id='word_1_75' title='bbox 1011 2535 1126 2622; x_wconf 91' lang='lat' dir='ltr'>quibus</span> <span class='ocrx_word' id='word_1_76' title='bbox 1140 2535 1282 2600; x_wconf 88' lang='lat' dir='ltr'>limanda</span> <span class='ocrx_word' id='word_1_77' title='bbox 1296 2559 1428 2625; x_wconf 81' lang='lat' dir='ltr'>quaeque</span> 
     </span>
    </p>
   </div>
   <div class='ocr_carea' id='block_1_8' title="bbox 332 2639 1432 3655">
    <p class='ocr_par' dir='ltr' id='par_1_10' title="bbox 332 2639 1432 3655">
     <span class='ocr_line' id='line_1_14' title="bbox 332 2639 1427 2726; baseline 0.001 -25"><span class='ocrx_word' id='word_1_78' title='bbox 332 2649 509 2716; x_wconf 87' lang='lat' dir='ltr'>teneantur,</span> <span class='ocrx_word' id='word_1_79' title='bbox 536 2639 591 2726; x_wconf 92' lang='lat' dir='ltr'>qui</span> <span class='ocrx_word' id='word_1_80' title='bbox 617 2640 680 2703; x_wconf 90' lang='lat' dir='ltr'>sint</span> <span class='ocrx_word' id='word_1_81' title='bbox 706 2640 738 2702; x_wconf 92' lang='lat' dir='ltr'>in</span> <span class='ocrx_word' id='word_1_82' title='bbox 764 2640 946 2703; x_wconf 85' lang='lat' dir='ltr'>summitate</span> <span class='ocrx_word' id='word_1_83' title='bbox 973 2640 1065 2702; x_wconf 88' lang='lat' dir='ltr'>unius</span> <span class='ocrx_word' id='word_1_84' title='bbox 1091 2639 1200 2702; x_wconf 87' lang='lat' dir='ltr'>caudae</span> <span class='ocrx_word' id='word_1_85' title='bbox 1226 2640 1370 2725; x_wconf 81' lang='lat' dir='ltr'>graciles,</span> <span class='ocrx_word' id='word_1_86' title='bbox 1396 2640 1427 2702; x_wconf 93' lang='lat' dir='ltr'>in</span> 
     </span>
     <span class='ocr_line' id='line_1_15' title="bbox 333 2741 1428 2828; baseline 0.001 -24"><span class='ocrx_word' id='word_1_87' title='bbox 333 2741 431 2804; x_wconf 85' lang='lat' dir='ltr'>altera</span> <span class='ocrx_word' id='word_1_88' title='bbox 446 2742 582 2825; x_wconf 81' lang='lat' dir='ltr'>pendeat</span> <span class='ocrx_word' id='word_1_89' title='bbox 598 2743 713 2805; x_wconf 88' lang='lat' dir='ltr'>ferrum</span> <span class='ocrx_word' id='word_1_90' title='bbox 734 2754 827 2807; x_wconf 87' lang='lat' dir='ltr'>tenue</span> <span class='ocrx_word' id='word_1_91' title='bbox 846 2753 878 2806; x_wconf 90' lang='lat' dir='ltr'>et</span> <span class='ocrx_word' id='word_1_92' title='bbox 892 2743 1003 2820; x_wconf 90' lang='lat' dir='ltr'>latum,</span> <span class='ocrx_word' id='word_1_93' title='bbox 1019 2764 1057 2805; x_wconf 87' lang='lat' dir='ltr'>ac</span> <span class='ocrx_word' id='word_1_94' title='bbox 1073 2741 1276 2828; x_wconf 88' lang='lat' dir='ltr'>perforatum,</span> <span class='ocrx_word' id='word_1_95' title='bbox 1291 2742 1341 2805; x_wconf 90' lang='lat' dir='ltr'>cui</span> <span class='ocrx_word' id='word_1_96' title='bbox 1358 2765 1428 2805; x_wconf 91' lang='lat' dir='ltr'>cum</span> 
     </span>
     <span class='ocr_line' id='line_1_16' title="bbox 335 2843 1431 2930; baseline -0.001 -24"><span class='ocrx_word' id='word_1_97' title='bbox 335 2844 475 2927; x_wconf 87' lang='lat' dir='ltr'>posueris</span> <span class='ocrx_word' id='word_1_98' title='bbox 506 2844 624 2930; x_wconf 86' lang='lat' dir='ltr'>aliquid</span> <span class='ocrx_word' id='word_1_99' title='bbox 654 2866 785 2929; x_wconf 86' lang='lat' dir='ltr'>parvum</span> <span class='ocrx_word' id='word_1_100' title='bbox 815 2845 1001 2923; x_wconf 90' lang='lat' dir='ltr'>limandum,</span> <span class='ocrx_word' id='word_1_101' title='bbox 1037 2843 1210 2929; x_wconf 85' lang='lat' dir='ltr'>comprime</span> <span class='ocrx_word' id='word_1_102' title='bbox 1240 2844 1370 2922; x_wconf 87' lang='lat' dir='ltr'>fortiter,</span> <span class='ocrx_word' id='word_1_103' title='bbox 1399 2852 1431 2907; x_wconf 89' lang='lat' dir='ltr'>et</span> 
     </span>
     <span class='ocr_line' id='line_1_17' title="bbox 334 2945 1430 3035; baseline -0.001 -27"><span class='ocrx_word' id='word_1_104' title='bbox 334 2946 424 3008; x_wconf 85' lang='lat' dir='ltr'>mitte</span> <span class='ocrx_word' id='word_1_105' title='bbox 440 2946 589 3030; x_wconf 77' lang='lat' dir='ltr'>gracilem</span> <span class='ocrx_word' id='word_1_106' title='bbox 609 2948 743 3009; x_wconf 89' lang='lat' dir='ltr'>caudam</span> <span class='ocrx_word' id='word_1_107' title='bbox 764 2948 797 3010; x_wconf 88' lang='lat' dir='ltr'>in</span> <span class='ocrx_word' id='word_1_108' title='bbox 816 2948 902 3035; x_wconf 91' lang='lat' dir='ltr'>quod</span> <span class='ocrx_word' id='word_1_109' title='bbox 918 2947 1059 3010; x_wconf 90' lang='lat' dir='ltr'>foramen</span> <span class='ocrx_word' id='word_1_110' title='bbox 1078 2947 1224 3010; x_wconf 90' lang='lat' dir='ltr'>volueris.</span> <span class='ocrx_word' id='word_1_111' title='bbox 1270 2945 1353 3009; x_wconf 83' lang='lat' dir='ltr'>Item</span> <span class='ocrx_word' id='word_1_112' title='bbox 1369 2945 1430 3008; x_wconf 88' lang='lat' dir='ltr'>sor·</span> 
     </span>
     <span class='ocr_line' id='line_1_18' title="bbox 335 3046 1430 3132; baseline 0.002 -25"><span class='ocrx_word' id='word_1_113' title='bbox 335 3047 420 3132; x_wconf 81' lang='lat' dir='ltr'>cipes</span> <span class='ocrx_word' id='word_1_114' title='bbox 441 3046 573 3131; x_wconf 86' lang='lat' dir='ltr'>parvuli,</span> <span class='ocrx_word' id='word_1_115' title='bbox 593 3048 625 3109; x_wconf 91' lang='lat' dir='ltr'>in</span> <span class='ocrx_word' id='word_1_116' title='bbox 646 3070 710 3111; x_wconf 91' lang='lat' dir='ltr'>una</span> <span class='ocrx_word' id='word_1_117' title='bbox 730 3050 912 3113; x_wconf 83' lang='lat' dir='ltr'>summitate</span> <span class='ocrx_word' id='word_1_118' title='bbox 932 3049 992 3112; x_wconf 89' lang='lat' dir='ltr'>sibi</span> <span class='ocrx_word' id='word_1_119' title='bbox 1013 3049 1220 3127; x_wconf 68' lang='lat' dir='ltr'>adherentes,</span> <span class='ocrx_word' id='word_1_120' title='bbox 1241 3059 1273 3111; x_wconf 88' lang='lat' dir='ltr'>et</span> <span class='ocrx_word' id='word_1_121' title='bbox 1288 3049 1319 3110; x_wconf 88' lang='lat' dir='ltr'>iu</span> <span class='ocrx_word' id='word_1_122' title='bbox 1334 3048 1430 3110; x_wconf 86' lang='lat' dir='ltr'>altera</span> 
     </span>
     <span class='ocr_line' id='line_1_19' title="bbox 336 3148 1429 3237; baseline 0.003 -29"><span class='ocrx_word' id='word_1_123' title='bbox 336 3148 479 3231; x_wconf 81' lang='lat' dir='ltr'>graciles,</span> <span class='ocrx_word' id='word_1_124' title='bbox 502 3150 616 3236; x_wconf 90' lang='lat' dir='ltr'>quibus</span> <span class='ocrx_word' id='word_1_125' title='bbox 638 3173 738 3236; x_wconf 87' lang='lat' dir='ltr'>grana</span> <span class='ocrx_word' id='word_1_126' title='bbox 760 3162 792 3214; x_wconf 89' lang='lat' dir='ltr'>et</span> <span class='ocrx_word' id='word_1_127' title='bbox 813 3152 875 3214; x_wconf 89' lang='lat' dir='ltr'>alia</span> <span class='ocrx_word' id='word_1_128' title='bbox 896 3173 1030 3237; x_wconf 85' lang='lat' dir='ltr'>quaeque</span> <span class='ocrx_word' id='word_1_129' title='bbox 1050 3151 1172 3213; x_wconf 89' lang='lat' dir='ltr'>minuta</span> <span class='ocrx_word' id='word_1_130' title='bbox 1190 3159 1429 3235; x_wconf 84' lang='lat' dir='ltr'>componantur.</span> 
     </span>
     <span class='ocr_line' id='line_1_20' title="bbox 337 3249 1430 3339; baseline 0.002 -27"><span class='ocrx_word' id='word_1_131' title='bbox 337 3249 418 3313; x_wconf 91' lang='lat' dir='ltr'>Item</span> <span class='ocrx_word' id='word_1_132' title='bbox 435 3252 579 3338; x_wconf 85' lang='lat' dir='ltr'>forcipes,</span> <span class='ocrx_word' id='word_1_133' title='bbox 595 3253 649 3339; x_wconf 94' lang='lat' dir='ltr'>qui</span> <span class='ocrx_word' id='word_1_134' title='bbox 670 3254 816 3317; x_wconf 88' lang='lat' dir='ltr'>dicuntur</span> <span class='ocrx_word' id='word_1_135' title='bbox 837 3252 1025 3332; x_wconf 86' lang='lat' dir='ltr'>carbonarii,</span> <span class='ocrx_word' id='word_1_136' title='bbox 1040 3262 1073 3316; x_wconf 90' lang='lat' dir='ltr'>et</span> <span class='ocrx_word' id='word_1_137' title='bbox 1087 3253 1222 3337; x_wconf 87' lang='lat' dir='ltr'>majores</span> <span class='ocrx_word' id='word_1_138' title='bbox 1237 3263 1270 3314; x_wconf 88' lang='lat' dir='ltr'>et</span> <span class='ocrx_word' id='word_1_139' title='bbox 1285 3251 1430 3327; x_wconf 89' lang='lat' dir='ltr'>minores,</span> 
     </span>
     <span class='ocr_line' id='line_1_21' title="bbox 337 3354 1432 3441; baseline -0.002 -24"><span class='ocrx_word' id='word_1_140' title='bbox 337 3377 408 3440; x_wconf 86' lang='lat' dir='ltr'>quae</span> <span class='ocrx_word' id='word_1_141' title='bbox 423 3355 485 3418; x_wconf 85' lang='lat' dir='ltr'>siut</span> <span class='ocrx_word' id='word_1_142' title='bbox 500 3357 532 3418; x_wconf 94' lang='lat' dir='ltr'>in</span> <span class='ocrx_word' id='word_1_143' title='bbox 549 3379 611 3420; x_wconf 91' lang='lat' dir='ltr'>una</span> <span class='ocrx_word' id='word_1_144' title='bbox 626 3357 808 3420; x_wconf 84' lang='lat' dir='ltr'>summitate</span> <span class='ocrx_word' id='word_1_145' title='bbox 820 3357 931 3441; x_wconf 84' lang='lat' dir='ltr'>integri</span> <span class='ocrx_word' id='word_1_146' title='bbox 947 3366 979 3420; x_wconf 93' lang='lat' dir='ltr'>et</span> <span class='ocrx_word' id='word_1_147' title='bbox 993 3355 1111 3441; x_wconf 86' lang='lat' dir='ltr'>plicati,</span> <span class='ocrx_word' id='word_1_148' title='bbox 1127 3355 1159 3417; x_wconf 91' lang='lat' dir='ltr'>in</span> <span class='ocrx_word' id='word_1_149' title='bbox 1174 3355 1272 3418; x_wconf 90' lang='lat' dir='ltr'>altera</span> <span class='ocrx_word' id='word_1_150' title='bbox 1287 3354 1385 3439; x_wconf 88' lang='lat' dir='ltr'>aperti</span> <span class='ocrx_word' id='word_1_151' title='bbox 1400 3364 1432 3416; x_wconf 88' lang='lat' dir='ltr'>et</span> 
     </span>
     <span class='ocr_line' id='line_1_22' title="bbox 338 3462 1430 3552; baseline -0.004 -24"><span class='ocrx_word' id='word_1_152' title='bbox 338 3465 461 3529; x_wconf 89' lang='lat' dir='ltr'>modice</span> <span class='ocrx_word' id='word_1_153' title='bbox 476 3467 571 3529; x_wconf 86' lang='lat' dir='ltr'>curvi.</span> <span class='ocrx_word' id='word_1_154' title='bbox 619 3465 699 3530; x_wconf 86' lang='lat' dir='ltr'>ltern</span> <span class='ocrx_word' id='word_1_155' title='bbox 721 3466 855 3552; x_wconf 82' lang='lat' dir='ltr'>forcipes</span> <span class='ocrx_word' id='word_1_156' title='bbox 877 3465 1014 3529; x_wconf 89' lang='lat' dir='ltr'>incisorii</span> <span class='ocrx_word' id='word_1_157' title='bbox 1038 3465 1174 3552; x_wconf 87' lang='lat' dir='ltr'>majores</span> <span class='ocrx_word' id='word_1_158' title='bbox 1189 3476 1222 3528; x_wconf 90' lang='lat' dir='ltr'>et</span> <span class='ocrx_word' id='word_1_159' title='bbox 1238 3464 1383 3541; x_wconf 73' lang='lat' dir='ltr'>minoreS,</span> <span class='ocrx_word' id='word_1_160' title='bbox 1398 3462 1430 3524; x_wconf 93' lang='lat' dir='ltr'>in</span> 
     </span>
     <span class='ocr_line' id='line_1_23' title="bbox 338 3567 1098 3655; baseline 0 -25"><span class='ocrx_word' id='word_1_161' title='bbox 338 3567 461 3632; x_wconf 90' lang='lat' dir='ltr'>duabus</span> <span class='ocrx_word' id='word_1_162' title='bbox 477 3570 618 3655; x_wconf 89' lang='lat' dir='ltr'>partibus</span> <span class='ocrx_word' id='word_1_163' title='bbox 634 3568 800 3654; x_wconf 86' lang='lat' dir='ltr'>compositi</span> <span class='ocrx_word' id='word_1_164' title='bbox 816 3578 849 3631; x_wconf 90' lang='lat' dir='ltr'>et</span> <span class='ocrx_word' id='word_1_165' title='bbox 863 3569 955 3631; x_wconf 88' lang='lat' dir='ltr'>clavo</span> <span class='ocrx_word' id='word_1_166' title='bbox 971 3567 1098 3630; x_wconf 82' lang='lat' dir='ltr'>confixi.</span> 
     </span>
    </p>
   </div>
   <div class='ocr_carea' id='block_1_9' title="bbox 849 3803 1123 3814">
    <p class='ocr_par' dir='ltr' id='par_1_11' title="bbox 849 3803 1123 3814">
     <span class='ocr_line' id='line_1_24' title="bbox 849 3803 1123 3814; baseline -0.011 -2"><span class='ocrx_word' id='word_1_167' title='bbox 849 3806 977 3814; x_wconf 61' lang='lat'>-—.-⁴</span> <span class='ocrx_word' id='word_1_168' title='bbox 1037 3803 1123 3810; x_wconf 59' lang='lat' dir='ltr'>na·-⁴</span> 
     </span>
    </p>
   </div>
   <div class='ocr_carea' id='block_1_10' title="bbox 671 3940 1113 4040">
    <p class='ocr_par' dir='ltr' id='par_1_12' title="bbox 671 3940 1113 4040">
     <span class='ocr_line' id='line_1_25' title="bbox 671 3940 1113 4040; baseline -0.011 -1"><span class='ocrx_word' id='word_1_169' title='bbox 671 3942 901 4040; x_wconf 81' lang='lat' dir='ltr'><strong>CAPUT</strong></span> <span class='ocrx_word' id='word_1_170' title='bbox 952 3940 1113 4037; x_wconf 81' lang='lat' dir='ltr'>Vlll</span> 
     </span>
    </p>
   </div>
   <div class='ocr_carea' id='block_1_11' title="bbox 526 4162 1249 4214">
    <p class='ocr_par' dir='ltr' id='par_1_13' title="bbox 526 4162 1249 4214">
     <span class='ocr_line' id='line_1_26' title="bbox 526 4162 1249 4214; baseline -0.011 -2"><span class='ocrx_word' id='word_1_171' title='bbox 526 4169 571 4211; x_wconf 88' lang='lat' dir='ltr'>DE</span> <span class='ocrx_word' id='word_1_172' title='bbox 594 4167 714 4211; x_wconf 60' lang='lat' dir='ltr'>lanatus</span> <span class='ocrx_word' id='word_1_173' title='bbox 737 4165 802 4207; x_wconf 79' lang='lat' dir='ltr'>PER</span> <span class='ocrx_word' id='word_1_174' title='bbox 825 4164 904 4214; x_wconf 72' lang='lat' dir='ltr'>‹211AE</span> <span class='ocrx_word' id='word_1_175' title='bbox 928 4163 1005 4206; x_wconf 64' lang='grc' dir='ltr'>ΒΗΑ</span> <span class='ocrx_word' id='word_1_176' title='bbox 1027 4162 1249 4206; x_wconf 71' lang='lat' dir='ltr'>aaafluuwa.</span> 
     </span>
    </p>
   </div>
   <div class='ocr_carea' id='block_1_12' title="bbox 341 4290 1432 4598">
    <p class='ocr_par' dir='ltr' id='par_1_14' title="bbox 341 4290 1432 4598">
     <span class='ocr_line' id='line_1_27' title="bbox 418 4290 1432 4383; baseline -0.013 -15"><span class='ocrx_word' id='word_1_177' title='bbox 418 4302 531 4369; x_wconf 87' lang='lat' dir='ltr'><strong>ERRI</strong></span> <span class='ocrx_word' id='word_1_178' title='bbox 548 4302 612 4365; x_wconf 92' lang='lat' dir='ltr'>duo</span> <span class='ocrx_word' id='word_1_179' title='bbox 626 4299 789 4363; x_wconf 88' lang='lat' dir='ltr'>latitudine</span> <span class='ocrx_word' id='word_1_180' title='bbox 803 4298 897 4361; x_wconf 90' lang='lat' dir='ltr'>trium</span> <span class='ocrx_word' id='word_1_181' title='bbox 912 4297 1092 4383; x_wconf 85' lang='lat' dir='ltr'>digitorum,</span> <span class='ocrx_word' id='word_1_182' title='bbox 1108 4294 1250 4380; x_wconf 88' lang='lat' dir='ltr'>superius</span> <span class='ocrx_word' id='word_1_183' title='bbox 1261 4305 1294 4357; x_wconf 91' lang='lat' dir='ltr'>et</span> <span class='ocrx_word' id='word_1_184' title='bbox 1309 4290 1432 4356; x_wconf 83' lang='lat' dir='ltr'>inferius</span> 
     </span>
     <span class='ocr_line' id='line_1_28' title="bbox 418 4397 1431 4490; baseline -0.019 -17"><span class='ocrx_word' id='word_1_185' title='bbox 418 4407 526 4485; x_wconf 89' lang='lat' dir='ltr'>stricti,</span> <span class='ocrx_word' id='word_1_186' title='bbox 542 4427 597 4490; x_wconf 90' lang='lat' dir='ltr'>per</span> <span class='ocrx_word' id='word_1_187' title='bbox 619 4402 725 4466; x_wconf 87' lang='lat' dir='ltr'>omnia</span> <span class='ocrx_word' id='word_1_188' title='bbox 748 4412 868 4481; x_wconf 84' lang='lat' dir='ltr'>tenues,</span> <span class='ocrx_word' id='word_1_189' title='bbox 883 4412 915 4464; x_wconf 91' lang='lat' dir='ltr'>et</span> <span class='ocrx_word' id='word_1_190' title='bbox 933 4399 1032 4464; x_wconf 89' lang='lat' dir='ltr'>tribus</span> <span class='ocrx_word' id='word_1_191' title='bbox 1052 4397 1215 4463; x_wconf 86' lang='lat' dir='ltr'>ordinibus</span> <span class='ocrx_word' id='word_1_192' title='bbox 1230 4405 1286 4459; x_wconf 85' lang='lat' dir='ltr'>aut</span> <span class='ocrx_word' id='word_1_193' title='bbox 1300 4405 1431 4481; x_wconf 86' lang='lat' dir='ltr'>quatuor</span> 
     </span>
     <span class='ocr_line' id='line_1_29' title="bbox 341 4502 1084 4598; baseline -0.017 -22"><span class='ocrx_word' id='word_1_194' title='bbox 341 4512 500 4598; x_wconf 88' lang='lat' dir='ltr'>perforati,</span> <span class='ocrx_word' id='word_1_195' title='bbox 516 4532 571 4596; x_wconf 89' lang='lat' dir='ltr'>per</span> <span class='ocrx_word' id='word_1_196' title='bbox 586 4529 657 4595; x_wconf 84' lang='lat' dir='ltr'>quae</span> <span class='ocrx_word' id='word_1_197' title='bbox 672 4504 827 4569; x_wconf 87' lang='lat' dir='ltr'>foramina</span> <span class='ocrx_word' id='word_1_198' title='bbox 842 4505 896 4567; x_wconf 84' lang='lat' dir='ltr'>fila</span> <span class='ocrx_word' id='word_1_199' title='bbox 910 4502 1084 4566; x_wconf 85' lang='lat' dir='ltr'>trahantur.</span> 
     </span>
    </p>
   </div>
   <div class='ocr_carea' id='block_1_13' title="bbox 0 0 1608 5190">
    <p class='ocr_par' dir='ltr' id='par_1_15' title="bbox 0 0 1608 5190">
     <span class='ocr_line' id='line_1_30' title="bbox 0 0 1608 5190; baseline 0 0"><span class='ocrx_word' id='word_1_200' title='bbox 0 0 1608 5190; x_wconf 95' lang='lat' dir='ltr'> </span> 
     </span>
    </p>
   </div>
  </div>
 </body>
</html>
