<?xml version="1.0" encoding="UTF-8"?>
<!DOCTYPE html PUBLIC "-//W3C//DTD XHTML 1.0 Transitional//EN"
    "http://www.w3.org/TR/xhtml1/DTD/xhtml1-transitional.dtd">
<html xmlns="http://www.w3.org/1999/xhtml" xml:lang="en" lang="en">
 <head>
  <title>
</title>
<meta http-equiv="Content-Type" content="text/html;charset=utf-8" />
  <meta name='ocr-system' content='tesseract 3.04.00' />
  <meta name='ocr-capabilities' content='ocr_page ocr_carea ocr_par ocr_line ocrx_word'/>
</head>
<body>
  <div class='ocr_page' id='page_1' title='image "./theophiliquietr01hendgoog_0273.png"; bbox 0 0 3166 5190; ppageno 0'>
   <div class='ocr_carea' id='block_1_1' title="bbox 312 515 1142 587">
    <p class='ocr_par' dir='ltr' id='par_1_1' title="bbox 312 515 1142 587">
     <span class='ocr_line' id='line_1_1' title="bbox 312 515 1142 587; baseline 0.014 -11"><span class='ocrx_word' id='word_1_1' title='bbox 312 515 375 577; x_wconf 74' lang='lat'>204</span> <span class='ocrx_word' id='word_1_2' title='bbox 563 537 736 581; x_wconf 75' lang='lat' dir='ltr'>saetosus</span> <span class='ocrx_word' id='word_1_3' title='bbox 761 540 795 580; x_wconf 87' lang='lat' dir='ltr'>1n</span> <span class='ocrx_word' id='word_1_4' title='bbox 822 541 955 584; x_wconf 81' lang='lat' dir='ltr'>uranun</span> <span class='ocrx_word' id='word_1_5' title='bbox 979 544 1142 587; x_wconf 81' lang='lat' dir='ltr'>rearrnn.</span> 
     </span>
    </p>
   </div>
   <div class='ocr_carea' id='block_1_2' title="bbox 311 689 1414 791">
    <p class='ocr_par' dir='ltr' id='par_1_2' title="bbox 311 689 1414 791">
     <span class='ocr_line' id='line_1_2' title="bbox 311 689 1414 791; baseline 0.013 -33"><span class='ocrx_word' id='word_1_6' title='bbox 311 689 503 771; x_wconf 78' lang='lat' dir='ltr'>abscondis,</span> <span class='ocrx_word' id='word_1_7' title='bbox 531 693 593 762; x_wconf 85' lang='lat' dir='ltr'>sed</span> <span class='ocrx_word' id='word_1_8' title='bbox 618 715 700 762; x_wconf 87' lang='lat' dir='ltr'>cnm</span> <span class='ocrx_word' id='word_1_9' title='bbox 726 694 928 768; x_wconf 86' lang='lat' dir='ltr'>humilitate</span> <span class='ocrx_word' id='word_1_10' title='bbox 953 698 1070 790; x_wconf 85' lang='lat' dir='ltr'>palam</span> <span class='ocrx_word' id='word_1_11' title='bbox 1096 701 1273 791; x_wconf 87' lang='lat' dir='ltr'>operando</span> <span class='ocrx_word' id='word_1_12' title='bbox 1296 711 1335 771; x_wconf 87' lang='lat' dir='ltr'>et</span> <span class='ocrx_word' id='word_1_13' title='bbox 1354 703 1414 772; x_wconf 92' lang='lat' dir='ltr'>do-</span> 
     </span>
    </p>
   </div>
   <div class='ocr_carea' id='block_1_3' title="bbox 307 811 1416 2413">
    <p class='ocr_par' dir='ltr' id='par_1_3' title="bbox 307 811 1416 2413">
     <span class='ocr_line' id='line_1_3' title="bbox 311 811 1414 910; baseline 0.01 -34"><span class='ocrx_word' id='word_1_14' title='bbox 311 811 433 889; x_wconf 83' lang='lat' dir='ltr'>cendo,</span> <span class='ocrx_word' id='word_1_15' title='bbox 465 832 676 902; x_wconf 80' lang='lat' dir='ltr'>cognoscere</span> <span class='ocrx_word' id='word_1_16' title='bbox 706 813 930 902; x_wconf 88' lang='lat' dir='ltr'>cupientibus</span> <span class='ocrx_word' id='word_1_17' title='bbox 959 815 1112 886; x_wconf 87' lang='lat' dir='ltr'>fideliter</span> <span class='ocrx_word' id='word_1_18' title='bbox 1140 818 1317 900; x_wconf 89' lang='lat' dir='ltr'>ostendis;</span> <span class='ocrx_word' id='word_1_19' title='bbox 1352 842 1414 910; x_wconf 90' lang='lat' dir='ltr'>per</span> 
     </span>
     <span class='ocr_line' id='line_1_4' title="bbox 309 925 1413 1024; baseline 0.008 -30"><span class='ocrx_word' id='word_1_20' title='bbox 309 926 471 1016; x_wconf 89' lang='lat' dir='ltr'>spiritum</span> <span class='ocrx_word' id='word_1_21' title='bbox 490 925 707 996; x_wconf 86' lang='lat' dir='ltr'>fortitudinis</span> <span class='ocrx_word' id='word_1_22' title='bbox 724 950 866 998; x_wconf 89' lang='lat' dir='ltr'>omnem</span> <span class='ocrx_word' id='word_1_23' title='bbox 884 930 1048 1024; x_wconf 86' lang='lat' dir='ltr'>segnitiei</span> <span class='ocrx_word' id='word_1_24' title='bbox 1066 942 1243 1024; x_wconf 87' lang='lat' dir='ltr'>torporem</span> <span class='ocrx_word' id='word_1_25' title='bbox 1264 935 1413 1015; x_wconf 86' lang='lat' dir='ltr'>excutis,</span> 
     </span>
     <span class='ocr_line' id='line_1_5' title="bbox 310 1042 1414 1139; baseline 0.007 -27"><span class='ocrx_word' id='word_1_26' title='bbox 310 1053 347 1114; x_wconf 93' lang='lat' dir='ltr'>et</span> <span class='ocrx_word' id='word_1_27' title='bbox 374 1043 540 1135; x_wconf 92' lang='lat' dir='ltr'>quicquid</span> <span class='ocrx_word' id='word_1_28' title='bbox 567 1066 637 1112; x_wconf 92' lang='lat' dir='ltr'>non</span> <span class='ocrx_word' id='word_1_29' title='bbox 662 1042 761 1113; x_wconf 89' lang='lat' dir='ltr'>lento</span> <span class='ocrx_word' id='word_1_30' title='bbox 783 1045 968 1117; x_wconf 87' lang='lat' dir='ltr'>conamine</span> <span class='ocrx_word' id='word_1_31' title='bbox 991 1047 1125 1139; x_wconf 87' lang='lat' dir='ltr'>incipis,</span> <span class='ocrx_word' id='word_1_32' title='bbox 1148 1046 1262 1139; x_wconf 87' lang='lat' dir='ltr'>plenis</span> <span class='ocrx_word' id='word_1_33' title='bbox 1281 1050 1414 1120; x_wconf 83' lang='lat' dir='ltr'>viribus</span> 
     </span>
     <span class='ocr_line' id='line_1_6' title="bbox 309 1158 1413 1252; baseline 0.006 -23"><span class='ocrx_word' id='word_1_34' title='bbox 309 1159 353 1229; x_wconf 93' lang='lat' dir='ltr'>ad</span> <span class='ocrx_word' id='word_1_35' title='bbox 372 1158 538 1229; x_wconf 84' lang='lat' dir='ltr'>effectum</span> <span class='ocrx_word' id='word_1_36' title='bbox 555 1159 739 1252; x_wconf 88' lang='lat' dir='ltr'>perducis;</span> <span class='ocrx_word' id='word_1_37' title='bbox 763 1183 826 1251; x_wconf 89' lang='lat' dir='ltr'>per</span> <span class='ocrx_word' id='word_1_38' title='bbox 843 1161 1007 1251; x_wconf 91' lang='lat' dir='ltr'>spiritum</span> <span class='ocrx_word' id='word_1_39' title='bbox 1024 1162 1178 1232; x_wconf 86' lang='lat' dir='ltr'>scientiae</span> <span class='ocrx_word' id='word_1_40' title='bbox 1196 1185 1413 1247; x_wconf 87' lang='lat' dir='ltr'>concessum,</span> 
     </span>
     <span class='ocr_line' id='line_1_7' title="bbox 310 1276 1415 1372; baseline 0.005 -26"><span class='ocrx_word' id='word_1_41' title='bbox 310 1277 567 1347; x_wconf 83' lang='lat' dir='ltr'>exabundanti</span> <span class='ocrx_word' id='word_1_42' title='bbox 594 1276 700 1346; x_wconf 90' lang='lat' dir='ltr'>corde</span> <span class='ocrx_word' id='word_1_43' title='bbox 727 1276 916 1347; x_wconf 87' lang='lat' dir='ltr'>dominaris</span> <span class='ocrx_word' id='word_1_44' title='bbox 940 1278 1090 1370; x_wconf 86' lang='lat' dir='ltr'>ingenio,</span> <span class='ocrx_word' id='word_1_45' title='bbox 1113 1288 1150 1349; x_wconf 89' lang='lat' dir='ltr'>et</span> <span class='ocrx_word' id='word_1_46' title='bbox 1167 1302 1237 1371; x_wconf 93' lang='lat' dir='ltr'>quo</span> <span class='ocrx_word' id='word_1_47' title='bbox 1253 1280 1415 1372; x_wconf 71' lang='lat' dir='ltr'>perfecte</span> 
     </span>
     <span class='ocr_line' id='line_1_8' title="bbox 309 1392 1416 1488; baseline 0.005 -26"><span class='ocrx_word' id='word_1_48' title='bbox 309 1394 465 1464; x_wconf 87' lang='lat' dir='ltr'>abundas</span> <span class='ocrx_word' id='word_1_49' title='bbox 492 1393 604 1485; x_wconf 78' lang='lat' dir='ltr'>plena</span> <span class='ocrx_word' id='word_1_50' title='bbox 629 1394 760 1462; x_wconf 90' lang='lat' dir='ltr'>mentis</span> <span class='ocrx_word' id='word_1_51' title='bbox 786 1392 932 1462; x_wconf 87' lang='lat' dir='ltr'>audacia</span> <span class='ocrx_word' id='word_1_52' title='bbox 959 1394 1069 1463; x_wconf 91' lang='lat' dir='ltr'>uteris</span> <span class='ocrx_word' id='word_1_53' title='bbox 1094 1395 1130 1462; x_wconf 91' lang='lat' dir='ltr'>iu</span> <span class='ocrx_word' id='word_1_54' title='bbox 1160 1395 1323 1486; x_wconf 87' lang='lat' dir='ltr'>publico;</span> <span class='ocrx_word' id='word_1_55' title='bbox 1351 1419 1416 1488; x_wconf 92' lang='lat' dir='ltr'>per</span> 
     </span>
     <span class='ocr_line' id='line_1_9' title="bbox 309 1509 1415 1603; baseline 0.004 -24"><span class='ocrx_word' id='word_1_56' title='bbox 309 1510 470 1599; x_wconf 85' lang='lat' dir='ltr'>spiritum</span> <span class='ocrx_word' id='word_1_57' title='bbox 494 1509 646 1600; x_wconf 88' lang='lat' dir='ltr'>pietatis,</span> <span class='ocrx_word' id='word_1_58' title='bbox 670 1510 764 1600; x_wconf 85' lang='lat' dir='ltr'>quid,</span> <span class='ocrx_word' id='word_1_59' title='bbox 789 1509 857 1590; x_wconf 91' lang='lat' dir='ltr'>cui,</span> <span class='ocrx_word' id='word_1_60' title='bbox 884 1509 1034 1600; x_wconf 89' lang='lat' dir='ltr'>quando,</span> <span class='ocrx_word' id='word_1_61' title='bbox 1058 1519 1232 1602; x_wconf 91' lang='lat' dir='ltr'>quantum</span> <span class='ocrx_word' id='word_1_62' title='bbox 1249 1511 1308 1583; x_wconf 86' lang='lat' dir='ltr'>rel</span> <span class='ocrx_word' id='word_1_63' title='bbox 1326 1536 1415 1603; x_wconf 85' lang='lat' dir='ltr'>qua·</span> 
     </span>
     <span class='ocr_line' id='line_1_10' title="bbox 309 1625 1412 1718; baseline 0.004 -24"><span class='ocrx_word' id='word_1_64' title='bbox 309 1625 390 1694; x_wconf 89' lang='lat' dir='ltr'>liter</span> <span class='ocrx_word' id='word_1_65' title='bbox 416 1625 540 1716; x_wconf 80' lang='lat' dir='ltr'>operia,</span> <span class='ocrx_word' id='word_1_66' title='bbox 558 1634 596 1693; x_wconf 91' lang='lat' dir='ltr'>et</span> <span class='ocrx_word' id='word_1_67' title='bbox 623 1648 667 1695; x_wconf 93' lang='lat' dir='ltr'>ne</span> <span class='ocrx_word' id='word_1_68' title='bbox 693 1626 861 1716; x_wconf 87' lang='lat' dir='ltr'>subrepat</span> <span class='ocrx_word' id='word_1_69' title='bbox 885 1626 1040 1695; x_wconf 85' lang='lat' dir='ltr'>avaritiae</span> <span class='ocrx_word' id='word_1_70' title='bbox 1057 1649 1119 1694; x_wconf 88' lang='lat' dir='ltr'>seu</span> <span class='ocrx_word' id='word_1_71' title='bbox 1138 1627 1344 1718; x_wconf 78' lang='lat' dir='ltr'>cupiditatis</span> <span class='ocrx_word' id='word_1_72' title='bbox 1363 1630 1412 1697; x_wconf 87' lang='lat' dir='ltr'>vi-</span> 
     </span>
     <span class='ocr_line' id='line_1_11' title="bbox 308 1740 1413 1833; baseline 0.005 -24"><span class='ocrx_word' id='word_1_73' title='bbox 308 1740 409 1823; x_wconf 88' lang='lat' dir='ltr'>tium,</span> <span class='ocrx_word' id='word_1_74' title='bbox 436 1740 607 1810; x_wconf 79' lang='lat' dir='ltr'>mercedis</span> <span class='ocrx_word' id='word_1_75' title='bbox 633 1743 787 1833; x_wconf 87' lang='lat' dir='ltr'>pretium</span> <span class='ocrx_word' id='word_1_76' title='bbox 814 1742 872 1832; x_wconf 87' lang='lat' dir='ltr'>pia</span> <span class='ocrx_word' id='word_1_77' title='bbox 894 1741 1174 1810; x_wconf 78' lang='lat' dir='ltr'>consideratione</span> <span class='ocrx_word' id='word_1_78' title='bbox 1197 1742 1413 1827; x_wconf 82' lang='lat' dir='ltr'>moderaris3</span> 
     </span>
     <span class='ocr_line' id='line_1_12' title="bbox 308 1854 1414 1948; baseline 0.005 -24"><span class='ocrx_word' id='word_1_79' title='bbox 308 1878 372 1947; x_wconf 86' lang='lat' dir='ltr'>per</span> <span class='ocrx_word' id='word_1_80' title='bbox 396 1856 559 1948; x_wconf 91' lang='lat' dir='ltr'>spiritum</span> <span class='ocrx_word' id='word_1_81' title='bbox 587 1857 722 1926; x_wconf 84' lang='lat' dir='ltr'>timoris</span> <span class='ocrx_word' id='word_1_82' title='bbox 739 1854 886 1925; x_wconf 89' lang='lat' dir='ltr'>Domini</span> <span class='ocrx_word' id='word_1_83' title='bbox 909 1865 947 1926; x_wconf 87' lang='lat' dir='ltr'>te</span> <span class='ocrx_word' id='word_1_84' title='bbox 972 1854 1060 1924; x_wconf 89' lang='lat' dir='ltr'>nihii</span> <span class='ocrx_word' id='word_1_85' title='bbox 1085 1878 1130 1924; x_wconf 82' lang='lat' dir='ltr'>ex</span> <span class='ocrx_word' id='word_1_86' title='bbox 1154 1864 1191 1925; x_wconf 92' lang='lat' dir='ltr'>te</span> <span class='ocrx_word' id='word_1_87' title='bbox 1208 1878 1311 1947; x_wconf 88' lang='lat' dir='ltr'>posse</span> <span class='ocrx_word' id='word_1_88' title='bbox 1327 1882 1414 1929; x_wconf 87' lang='lat' dir='ltr'>con·</span> 
     </span>
     <span class='ocr_line' id='line_1_13' title="bbox 307 1970 1412 2052; baseline 0.005 -11"><span class='ocrx_word' id='word_1_89' title='bbox 307 1973 447 2052; x_wconf 81' lang='lat' dir='ltr'>sideras,</span> <span class='ocrx_word' id='word_1_90' title='bbox 474 1970 562 2040; x_wconf 89' lang='lat' dir='ltr'>nihii</span> <span class='ocrx_word' id='word_1_91' title='bbox 588 1973 830 2042; x_wconf 90' lang='lat' dir='ltr'>inconcessum</span> <span class='ocrx_word' id='word_1_92' title='bbox 856 1995 878 2041; x_wconf 87' lang='lat' dir='ltr'>a</span> <span class='ocrx_word' id='word_1_93' title='bbox 904 1970 984 2042; x_wconf 87' lang='lat' dir='ltr'>Deo</span> <span class='ocrx_word' id='word_1_94' title='bbox 1010 1983 1048 2041; x_wconf 89' lang='lat' dir='ltr'>te</span> <span class='ocrx_word' id='word_1_95' title='bbox 1078 1971 1207 2042; x_wconf 86' lang='lat' dir='ltr'>habere</span> <span class='ocrx_word' id='word_1_96' title='bbox 1232 1997 1294 2044; x_wconf 86' lang='lat' dir='ltr'>seu</span> <span class='ocrx_word' id='word_1_97' title='bbox 1319 1975 1412 2046; x_wconf 88' lang='lat' dir='ltr'>velle</span> 
     </span>
     <span class='ocr_line' id='line_1_14' title="bbox 308 2087 1412 2181; baseline 0.002 -24"><span class='ocrx_word' id='word_1_98' title='bbox 308 2089 450 2181; x_wconf 84' lang='lat' dir='ltr'>cogitas,</span> <span class='ocrx_word' id='word_1_99' title='bbox 477 2088 539 2157; x_wconf 88' lang='lat' dir='ltr'>scd</span> <span class='ocrx_word' id='word_1_100' title='bbox 557 2087 742 2170; x_wconf 87' lang='lat' dir='ltr'>credendo,</span> <span class='ocrx_word' id='word_1_101' title='bbox 765 2087 978 2169; x_wconf 90' lang='lat' dir='ltr'>confitendo,</span> <span class='ocrx_word' id='word_1_102' title='bbox 994 2089 1124 2181; x_wconf 82' lang='lat' dir='ltr'>gratias</span> <span class='ocrx_word' id='word_1_103' title='bbox 1147 2089 1294 2181; x_wconf 83' lang='lat' dir='ltr'>agenda,</span> <span class='ocrx_word' id='word_1_104' title='bbox 1313 2092 1412 2181; x_wconf 87' lang='lat' dir='ltr'>quic-</span> 
     </span>
     <span class='ocr_line' id='line_1_15' title="bbox 308 2202 1412 2296; baseline 0.002 -24"><span class='ocrx_word' id='word_1_105' title='bbox 308 2204 391 2296; x_wconf 94' lang='lat' dir='ltr'>quid</span> <span class='ocrx_word' id='word_1_106' title='bbox 417 2203 519 2286; x_wconf 87' lang='lat' dir='ltr'>nosti,</span> <span class='ocrx_word' id='word_1_107' title='bbox 539 2202 594 2273; x_wconf 87' lang='lat' dir='ltr'>vel</span> <span class='ocrx_word' id='word_1_108' title='bbox 621 2226 668 2284; x_wconf 92' lang='lat' dir='ltr'>es,</span> <span class='ocrx_word' id='word_1_109' title='bbox 694 2212 756 2273; x_wconf 92' lang='lat' dir='ltr'>aut</span> <span class='ocrx_word' id='word_1_110' title='bbox 783 2226 858 2273; x_wconf 89' lang='lat' dir='ltr'>esse</span> <span class='ocrx_word' id='word_1_111' title='bbox 875 2212 987 2295; x_wconf 86' lang='lat' dir='ltr'>potes,</span> <span class='ocrx_word' id='word_1_112' title='bbox 1014 2205 1138 2274; x_wconf 81' lang='lat' dir='ltr'>divinae</span> <span class='ocrx_word' id='word_1_113' title='bbox 1165 2205 1412 2276; x_wconf 71' lang='lat' dir='ltr'>misericordiae</span> 
     </span>
     <span class='ocr_line' id='line_1_16' title="bbox 308 2329 461 2413; baseline 0.007 -24"><span class='ocrx_word' id='word_1_114' title='bbox 308 2329 461 2413; x_wconf 85' lang='lat' dir='ltr'>reputas.</span> 
     </span>
    </p>
   </div>
   <div class='ocr_carea' id='block_1_4' title="bbox 305 2683 1410 3939">
    <p class='ocr_par' dir='ltr' id='par_1_4' title="bbox 305 2683 1410 3939">
     <span class='ocr_line' id='line_1_17' title="bbox 359 2683 1410 2776; baseline 0.001 -21"><span class='ocrx_word' id='word_1_115' title='bbox 359 2684 427 2756; x_wconf 90' lang='lat' dir='ltr'>His</span> <span class='ocrx_word' id='word_1_116' title='bbox 467 2686 638 2754; x_wconf 89' lang='lat' dir='ltr'>virtutum</span> <span class='ocrx_word' id='word_1_117' title='bbox 675 2683 962 2776; x_wconf 80' lang='lat' dir='ltr'>stipulationibus</span> <span class='ocrx_word' id='word_1_118' title='bbox 1000 2686 1185 2766; x_wconf 87' lang='lat' dir='ltr'>animatus,</span> <span class='ocrx_word' id='word_1_119' title='bbox 1232 2686 1410 2757; x_wconf 85' lang='lat' dir='ltr'>carissime</span> 
     </span>
     <span class='ocr_line' id='line_1_18' title="bbox 309 2800 1410 2893; baseline 0 -21"><span class='ocrx_word' id='word_1_120' title='bbox 309 2802 388 2883; x_wconf 89' lang='lat' dir='ltr'>Fili,</span> <span class='ocrx_word' id='word_1_121' title='bbox 415 2802 558 2871; x_wconf 83' lang='lat' dir='ltr'>domurn</span> <span class='ocrx_word' id='word_1_122' title='bbox 587 2800 666 2882; x_wconf 89' lang='lat' dir='ltr'>Dei,</span> <span class='ocrx_word' id='word_1_123' title='bbox 697 2800 907 2869; x_wconf 88' lang='lat' dir='ltr'>fiducialiter</span> <span class='ocrx_word' id='word_1_124' title='bbox 928 2822 1121 2893; x_wconf 83' lang='lat' dir='ltr'>aggressus,</span> <span class='ocrx_word' id='word_1_125' title='bbox 1153 2808 1254 2870; x_wconf 88' lang='lat' dir='ltr'>tanto</span> <span class='ocrx_word' id='word_1_126' title='bbox 1289 2800 1410 2893; x_wconf 87' lang='lat' dir='ltr'>lepore</span> 
     </span>
     <span class='ocr_line' id='line_1_19' title="bbox 308 2917 1409 3010; baseline -0.002 -21"><span class='ocrx_word' id='word_1_127' title='bbox 308 2919 490 2999; x_wconf 86' lang='lat' dir='ltr'>decorasti,</span> <span class='ocrx_word' id='word_1_128' title='bbox 534 2928 571 2987; x_wconf 90' lang='lat' dir='ltr'>et</span> <span class='ocrx_word' id='word_1_129' title='bbox 610 2917 788 3008; x_wconf 88' lang='lat' dir='ltr'>laquearia</span> <span class='ocrx_word' id='word_1_130' title='bbox 824 2939 887 2986; x_wconf 87' lang='lat' dir='ltr'>seu</span> <span class='ocrx_word' id='word_1_131' title='bbox 926 2919 1079 3008; x_wconf 85' lang='lat' dir='ltr'>parietes</span> <span class='ocrx_word' id='word_1_132' title='bbox 1119 2917 1257 2987; x_wconf 78' lang='lat' dir='ltr'>diverso</span> <span class='ocrx_word' id='word_1_133' title='bbox 1290 2941 1409 3010; x_wconf 91' lang='lat' dir='ltr'>opere,</span> 
     </span>
     <span class='ocr_line' id='line_1_20' title="bbox 308 3032 1409 3126; baseline 0 -21"><span class='ocrx_word' id='word_1_134' title='bbox 308 3035 521 3126; x_wconf 86' lang='lat' dir='ltr'>diversisque</span> <span class='ocrx_word' id='word_1_135' title='bbox 546 3032 720 3104; x_wconf 90' lang='lat' dir='ltr'>coloribus</span> <span class='ocrx_word' id='word_1_136' title='bbox 748 3033 967 3126; x_wconf 85' lang='lat' dir='ltr'>distinguens</span> <span class='ocrx_word' id='word_1_137' title='bbox 988 3034 1148 3125; x_wconf 87' lang='lat' dir='ltr'>paradysi</span> <span class='ocrx_word' id='word_1_138' title='bbox 1167 3032 1236 3103; x_wconf 91' lang='lat' dir='ltr'>Dei</span> <span class='ocrx_word' id='word_1_139' title='bbox 1252 3036 1409 3126; x_wconf 88' lang='lat' dir='ltr'>speciem</span> 
     </span>
     <span class='ocr_line' id='line_1_21' title="bbox 307 3149 1409 3243; baseline 0.004 -24"><span class='ocrx_word' id='word_1_140' title='bbox 307 3149 449 3219; x_wconf 87' lang='lat' dir='ltr'>floribus</span> <span class='ocrx_word' id='word_1_141' title='bbox 466 3151 568 3220; x_wconf 85' lang='lat' dir='ltr'>variis</span> <span class='ocrx_word' id='word_1_142' title='bbox 582 3158 797 3232; x_wconf 89' lang='lat' dir='ltr'>vernantem,</span> <span class='ocrx_word' id='word_1_143' title='bbox 814 3150 972 3243; x_wconf 87' lang='lat' dir='ltr'>gramine</span> <span class='ocrx_word' id='word_1_144' title='bbox 990 3149 1151 3240; x_wconf 87' lang='lat' dir='ltr'>foliisque</span> <span class='ocrx_word' id='word_1_145' title='bbox 1168 3151 1350 3232; x_wconf 80' lang='lat' dir='ltr'>virentem,</span> <span class='ocrx_word' id='word_1_146' title='bbox 1370 3160 1409 3223; x_wconf 91' lang='lat' dir='ltr'>et</span> 
     </span>
     <span class='ocr_line' id='line_1_22' title="bbox 306 3264 1408 3358; baseline 0 -22"><span class='ocrx_word' id='word_1_147' title='bbox 306 3276 506 3337; x_wconf 83' lang='lat' dir='ltr'>sauctorum</span> <span class='ocrx_word' id='word_1_148' title='bbox 524 3268 656 3336; x_wconf 87' lang='lat' dir='ltr'>animas</span> <span class='ocrx_word' id='word_1_149' title='bbox 675 3266 799 3335; x_wconf 87' lang='lat' dir='ltr'>diversi</span> <span class='ocrx_word' id='word_1_150' title='bbox 817 3267 934 3335; x_wconf 89' lang='lat' dir='ltr'>meriti</span> <span class='ocrx_word' id='word_1_151' title='bbox 959 3266 1095 3335; x_wconf 88' lang='lat' dir='ltr'>coronis</span> <span class='ocrx_word' id='word_1_152' title='bbox 1113 3264 1303 3348; x_wconf 89' lang='lat' dir='ltr'>foventem,</span> <span class='ocrx_word' id='word_1_153' title='bbox 1322 3290 1408 3358; x_wconf 89' lang='lat' dir='ltr'>quo-</span> 
     </span>
     <span class='ocr_line' id='line_1_23' title="bbox 307 3382 1405 3474; baseline 0 -22"><span class='ocrx_word' id='word_1_154' title='bbox 307 3382 493 3453; x_wconf 84' lang='lat' dir='ltr'>dammodo</span> <span class='ocrx_word' id='word_1_155' title='bbox 524 3382 773 3474; x_wconf 86' lang='lat' dir='ltr'>aspicientibus</span> <span class='ocrx_word' id='word_1_156' title='bbox 795 3382 989 3463; x_wconf 88' lang='lat' dir='ltr'>ostendisti,</span> <span class='ocrx_word' id='word_1_157' title='bbox 1020 3382 1184 3473; x_wconf 89' lang='lat' dir='ltr'>quodque</span> <span class='ocrx_word' id='word_1_158' title='bbox 1211 3392 1405 3452; x_wconf 88' lang='lat' dir='ltr'>creatorem</span> 
     </span>
     <span class='ocr_line' id='line_1_24' title="bbox 307 3496 1406 3592; baseline -0.001 -24"><span class='ocrx_word' id='word_1_159' title='bbox 307 3497 424 3570; x_wconf 89' lang='lat' dir='ltr'>Deum</span> <span class='ocrx_word' id='word_1_160' title='bbox 451 3499 486 3567; x_wconf 91' lang='lat' dir='ltr'>in</span> <span class='ocrx_word' id='word_1_161' title='bbox 513 3506 673 3569; x_wconf 87' lang='lat' dir='ltr'>creatura</span> <span class='ocrx_word' id='word_1_162' title='bbox 697 3496 853 3580; x_wconf 86' lang='lat' dir='ltr'>landant,</span> <span class='ocrx_word' id='word_1_163' title='bbox 872 3508 909 3567; x_wconf 86' lang='lat' dir='ltr'>et</span> <span class='ocrx_word' id='word_1_164' title='bbox 934 3498 1130 3569; x_wconf 88' lang='lat' dir='ltr'>mirabilem</span> <span class='ocrx_word' id='word_1_165' title='bbox 1150 3499 1185 3566; x_wconf 89' lang='lat' dir='ltr'>in</span> <span class='ocrx_word' id='word_1_166' title='bbox 1204 3499 1276 3568; x_wconf 88' lang='lat' dir='ltr'>suis</span> <span class='ocrx_word' id='word_1_167' title='bbox 1294 3499 1406 3592; x_wconf 88' lang='lat' dir='ltr'>operi-</span> 
     </span>
     <span class='ocr_line' id='line_1_25' title="bbox 306 3613 1403 3708; baseline -0.001 -23"><span class='ocrx_word' id='word_1_168' title='bbox 306 3617 371 3686; x_wconf 89' lang='lat' dir='ltr'>bus</span> <span class='ocrx_word' id='word_1_169' title='bbox 401 3616 604 3708; x_wconf 84' lang='lat' dir='ltr'>praedicant,</span> <span class='ocrx_word' id='word_1_170' title='bbox 635 3614 792 3684; x_wconf 83' lang='lat' dir='ltr'>effecisti.</span> <span class='ocrx_word' id='word_1_171' title='bbox 845 3613 921 3685; x_wconf 88' lang='lat' dir='ltr'>Nec</span> <span class='ocrx_word' id='word_1_172' title='bbox 952 3616 1044 3684; x_wconf 88' lang='lat' dir='ltr'>enirn</span> <span class='ocrx_word' id='word_1_173' title='bbox 1073 3615 1288 3706; x_wconf 87' lang='lat' dir='ltr'>perpendere</span> <span class='ocrx_word' id='word_1_174' title='bbox 1311 3615 1403 3686; x_wconf 85' lang='lat' dir='ltr'>valet</span> 
     </span>
     <span class='ocr_line' id='line_1_26' title="bbox 305 3729 1402 3824; baseline 0.001 -26"><span class='ocrx_word' id='word_1_175' title='bbox 305 3729 478 3800; x_wconf 85' lang='lat' dir='ltr'>humanus</span> <span class='ocrx_word' id='word_1_176' title='bbox 496 3730 627 3811; x_wconf 88' lang='lat' dir='ltr'>oculus,</span> <span class='ocrx_word' id='word_1_177' title='bbox 646 3731 701 3801; x_wconf 91' lang='lat' dir='ltr'>cui</span> <span class='ocrx_word' id='word_1_178' title='bbox 721 3731 817 3822; x_wconf 88' lang='lat' dir='ltr'>operi</span> <span class='ocrx_word' id='word_1_179' title='bbox 836 3731 987 3823; x_wconf 91' lang='lat' dir='ltr'>primum</span> <span class='ocrx_word' id='word_1_180' title='bbox 1005 3732 1117 3801; x_wconf 86' lang='lat' dir='ltr'>aciem</span> <span class='ocrx_word' id='word_1_181' title='bbox 1136 3730 1280 3824; x_wconf 81' lang='lat' dir='ltr'>infigat3</span> <span class='ocrx_word' id='word_1_182' title='bbox 1306 3733 1332 3800; x_wconf 84' lang='lat' dir='ltr'>si</span> <span class='ocrx_word' id='word_1_183' title='bbox 1350 3755 1402 3799; x_wconf 90' lang='lat' dir='ltr'>re-</span> 
     </span>
     <span class='ocr_line' id='line_1_27' title="bbox 305 3845 1401 3939; baseline 0.005 -26"><span class='ocrx_word' id='word_1_184' title='bbox 305 3845 408 3936; x_wconf 88' lang='lat' dir='ltr'>spicit</span> <span class='ocrx_word' id='word_1_185' title='bbox 425 3845 609 3937; x_wconf 88' lang='lat' dir='ltr'>laquearia,</span> <span class='ocrx_word' id='word_1_186' title='bbox 628 3855 775 3918; x_wconf 77' lang='lat' dir='ltr'>vernant</span> <span class='ocrx_word' id='word_1_187' title='bbox 801 3848 898 3938; x_wconf 87' lang='lat' dir='ltr'>quasi</span> <span class='ocrx_word' id='word_1_188' title='bbox 924 3846 1049 3939; x_wconf 90' lang='lat' dir='ltr'>pallia;</span> <span class='ocrx_word' id='word_1_189' title='bbox 1075 3848 1101 3917; x_wconf 86' lang='lat' dir='ltr'>si</span> <span class='ocrx_word' id='word_1_190' title='bbox 1130 3848 1328 3919; x_wconf 85' lang='lat' dir='ltr'>considerat</span> <span class='ocrx_word' id='word_1_191' title='bbox 1344 3870 1401 3939; x_wconf 90' lang='lat' dir='ltr'>pa·</span> 
     </span>
    </p>
   </div>
   <div class='ocr_carea' id='block_1_5' title="bbox 0 0 1588 5190">
    <p class='ocr_par' dir='ltr' id='par_1_5' title="bbox 0 0 1588 5190">
     <span class='ocr_line' id='line_1_28' title="bbox 0 0 1588 5190; baseline 0 2"><span class='ocrx_word' id='word_1_192' title='bbox 0 0 1588 5190; x_wconf 95' lang='lat' dir='ltr'> </span> 
     </span>
    </p>
   </div>
  </div>
 </body>
</html>
