3090 5174
313 496 378 559 414
770 513 952 559 anorum.

311 667 395 730 cidet
417 676 450 729 et
476 667 543 729 sola
568 667 653 730 clara
679 666 864 730 remanebit.
912 665 1014 751 Igitur
1039 663 1187 750 quotiens
1215 662 1294 726 bris.
1322 672 1408 726 tuum

311 769 446 832 volueris
462 768 564 832 facere
576 769 719 846 rubeum,
734 768 820 855 quod
837 769 919 831 solet
933 767 1025 830 facile
1036 766 1221 830 discolorari
1233 775 1267 829 et
1278 765 1410 851 spisses-

310 893 391 948 cere,
407 870 534 954 impone
549 871 676 933 alumen
698 880 731 933 et
751 871 796 932 sic
815 869 1038 946 meliorabitur,
1054 877 1087 931 et
1107 866 1315 931 renovabitur
1329 886 1409 950 saepe

311 972 414 1035 clarea
435 993 508 1034 cum
532 972 671 1056 spissum
694 972 797 1035 fuerit.
844 971 883 1035 ln
906 972 981 1035 bris.
1004 971 1032 1035 si
1056 970 1190 1034 misceas
1211 969 1337 1046 album,
1359 968 1411 1030 fiet

311 1095 419 1136 roseus
433 1074 530 1137 color.
575 1073 608 1137 si
625 1074 758 1138 misceas
773 1096 916 1152 azurum,
931 1075 987 1137 fiet
1002 1091 1188 1158 purpureus.

731 1386 1115 1394 -—-—-—.....-———-—

745 1590 791 1632 DE
814 1590 970 1634 SINOPLO.

313 1748 591 1902 SINOPLUM
608 1750 720 1815 eodem
736 1752 832 1816 modo
855 1754 956 1817 moles
971 1774 1035 1839 quo
1051 1749 1269 1814 vermiculum.
1319 1746 1409 1813 Ineo
1532 1712 1533 1715 Ἴ

415 1854 546 1917 miscere
569 1854 686 1939 poteris
708 1876 820 1939 parum
843 1855 905 1919 albi
928 1864 960 1919 et
982 1853 1042 1919 erit
1058 1875 1167 1917 roseus
1183 1853 1283 1917 color.
1330 1850 1410 1916 Item

311 1955 336 2018 si
353 1955 485 2018 misceas
501 1978 574 2018 cum
596 1955 670 2019 albo
693 1978 804 2041 parurn
827 1956 941 2042 sinopli
956 1956 1015 2021 erit
1030 1955 1209 2021 carmineus
1224 1955 1334 2018 color:
1357 1965 1411 2017 aut

310 2058 424 2121 iterum
440 2059 465 2121 si
481 2058 614 2121 misceas
637 2081 711 2121 cum
735 2059 857 2145 sinoplo
873 2060 1150 2146 auripigmentum,
1167 2057 1316 2122 vincente
1330 2055 1411 2120 auri-

313 2160 487 2246 pigmento,
503 2160 561 2224 erit
577 2160 664 2224 rufus
679 2163 777 2226 color.

616 2435 779 2442 ω-...-
792 2434 1129 2444 .-.-...—-.-——-——-·

746 2631 793 2673 DE
814 2630 985 2675 narsum.

391 2780 694 2846 RAGMENTUM
711 2779 819 2845 brisilli
835 2803 934 2866 pones
949 2780 981 2843 in
997 2781 1125 2844 vasculo
1140 2778 1241 2843 ferreo
1257 2780 1309 2844 vel
1323 2803 1411 2861 eneo,
1532 2842 1533 2863 ,

412 2895 444 2949 et
458 2885 554 2948 etism
564 2884 681 2948 cortice
697 2884 759 2963 ovi,
775 2906 848 2947 cum
864 2905 958 2969 aqua,
974 2891 1006 2946 et
1018 2882 1068 2946 fac
1083 2881 1194 2945 bullire
1209 2881 1297 2947 lente
1311 2883 1411 2948 donec
1532 2874 1533 2949 ἲ

313 2986 545 3071 aliquantulum
571 2987 612 3049 sit
637 2987 803 3066 decorata;
830 2993 862 3048 et
890 2985 1073 3070 refrigerata
1098 2980 1271 3061 modicum,
1298 2985 1412 3049 deinde
1532 3018 1533 3031 κ

314 3109 397 3172 pone
423 3088 549 3148 alumen
576 3086 705 3165 bonum,
732 3095 906 3172 temperate
931 3087 1006 3173 quia
1032 3085 1112 3149 bene
1135 3085 1293 3149 salsasum
1315 3089 1411 3151 velles

313 3188 399 3267 illud,
415 3195 525 3273 postea
540 3188 659 3251 calefac
679 3188 841 3252 modicum
863 3187 1021 3252 movendo
1036 3187 1153 3250 omnia.
1199 3184 1410 3271 Refrigerata,

313 3315 351 3356 eo
374 3312 458 3377 pone
481 3290 599 3353 clarum
623 3289 675 3352 ovi
691 3297 723 3352 et
744 3288 868 3353 dimitte
890 3287 992 3352 donec
1015 3297 1174 3352 maturum
1195 3287 1237 3350 sit
1251 3295 1328 3372 post
1341 3289 1410 3353 duoe
1532 3348 1533 3401 ἰ

314 3395 363 3457 vel
389 3403 451 3457 tres
482 3391 560 3456 dies
618 3390 715 3467 Quod
742 3391 769 3455 si
794 3391 887 3455 nimis
911 3388 1031 3454 clarum
1058 3397 1107 3453 est
1130 3409 1213 3474 pone
1233 3388 1288 3451 ubi
1312 3390 1411 3473 possit

313 3495 453 3582 spissari,
475 3517 539 3558 non
561 3504 670 3559 tamen
692 3494 733 3557 ad
756 3493 866 3571 solem,
889 3501 922 3557 et
941 3492 986 3556 sic
1001 3491 1226 3555 meliorabitur.
1272 3489 1411 3556 Ponest

314 3598 527 3685 fragmentum
553 3596 663 3660 brisilli
688 3596 769 3660 bens
795 3595 952 3658 minutum
978 3594 1012 3658 in
1037 3596 1141 3658 clares
1168 3592 1253 3673 forti,
1278 3602 1315 3657 et
1338 3603 1410 3679 post

313 3700 385 3762 dum
415 3699 464 3762 rel
497 3707 562 3763 tres
597 3700 700 3763 donec
736 3697 778 3760 sit
813 3706 1016 3760 maturatum.
1069 3694 1246 3758 Pastellum
1281 3716 1409 3781 quoque

313 3800 431 3885 poteris
457 3798 683 3886 distemperare
712 3799 852 3863 secunda
878 3798 927 3861 vel
956 3797 1050 3861 tertia
1072 3797 1150 3875 vice,
1180 3797 1237 3860 sed
1266 3817 1346 3860 cave
1370 3818 1409 3860 ne

313 3908 416 3963 totum
438 3900 592 3964 siccatum
615 3903 666 3965 sit.
710 3902 795 3965 Azur
817 3906 963 3965 terrestre
983 3897 1067 3962 mole
1087 3918 1181 3983 saper
1198 3906 1323 3982 petram
1337 3918 1408 3961 cum

313 4021 407 4087 aqua,
422 4001 581 4065 movendo
604 4001 703 4088 digito
725 4011 757 4066 et
779 4001 969 4089 apponendo
988 4021 1083 4087 aqua,
1097 4009 1133 4063 ut
1148 3998 1248 4084 possit
1262 4018 1319 4083 per
1332 4020 1409 4084 pan-

312 4125 390 4168 num
409 4102 542 4167 transire
562 4112 675 4189 postea
695 4106 766 4168 cola
786 4126 843 4190 per
865 4122 1005 4189 pannum
1027 4102 1198 4165 delicatum
1212 4109 1249 4163 ut
1264 4102 1409 4164 mundior

312 4205 362 4269 sit.
408 4204 483 4280 Quo
498 4205 664 4290 purificato
682 4213 715 4267 et
735 4204 906 4283 exsiccato,
926 4225 1011 4289 pone
1025 4203 1161 4266 claream
1175 4199 1313 4279 fortem3
1337 4222 1408 4285 poa-

312 4317 365 4370 tea
387 4308 496 4393 accipe
519 4307 560 4371 de
582 4307 688 4371 vitello
715 4305 767 4370 ovi
791 4306 880 4370 crudi
906 4313 938 4370 et
963 4305 1155 4369 misoscum
1177 4324 1263 4389 aqua
1283 4312 1318 4366 et
1336 4304 1407 4367 vino

313 4409 485 4494 aqualiter,
500 4419 533 4474 et
546 4410 639 4476 valdo
661 4430 743 4496 pone
764 4428 877 4493 parum
896 4407 930 4470 in
950 4407 1067 4486 colore,
1083 4414 1115 4470 et
1129 4405 1227 4470 meiat
1240 4404 1354 4470 malins
1367 4404 1406 4469 de
