3018 5170
318 496 384 560 280
677 516 868 559 ausonium
895 515 999 559 arnna
1022 517 1075 560 ιιι.

319 665 469 729 formabis
484 687 564 749 opus
578 666 789 751 quodcunque
806 667 939 730 volueris
961 666 993 729 in
1009 666 1131 730 electris
1145 666 1257 745 facere,
1272 668 1346 732 sive
1361 668 1428 731 cir-

320 769 418 837 culos,
434 767 499 830 sive
523 768 635 843 nodos,
652 768 717 831 sive
737 768 913 847 flosculos¹,
928 767 994 831 sive
1016 790 1102 847 sves,
1118 768 1184 832 sive
1205 769 1336 846 bestias,
1355 769 1428 832 sive

320 870 484 953 imagines,
500 879 532 932 et
548 869 708 933 ordinabis
725 870 892 955 particulas
910 870 1064 934 subtiliter
1077 879 1110 934 et
1124 870 1290 955 diligenter
1304 892 1429 933 unam·

321 992 479 1057 quamque
495 970 526 1032 in
542 992 599 1033 suo
615 972 696 1049 loco,
708 980 802 1057 atque
818 972 957 1035 firmabis
973 972 1103 1035 humida
1119 972 1221 1036 farina
1237 994 1336 1057 snper
1352 994 1428 1035 car-

321 1073 430 1136 bones.
477 1072 623 1157 Cumque
639 1073 815 1158 impleveris
829 1096 927 1137 unam
942 1084 1074 1159 partem,
1090 1074 1240 1137 solidabis
1255 1096 1330 1138 eam
1348 1096 1429 1137 cum

323 1175 462 1237 maxima
476 1175 611 1250 cautela,
628 1196 667 1237 ne
687 1196 767 1259 opus
785 1175 902 1259 gracile
918 1184 950 1237 et
965 1197 1075 1239 aurum
1090 1175 1203 1239 subtile
1218 1175 1428 1260 disjungatur

320 1287 375 1340 ant
389 1276 540 1362 liquefiat,
556 1275 662 1361 sicque
679 1276 726 1340 bis
741 1290 796 1340 aut
810 1292 857 1340 ter
871 1276 977 1355 facies,
990 1277 1092 1341 donec
1107 1277 1339 1363 aliquantulum
1357 1277 1428 1340 sin·

321 1377 402 1461 gulae
419 1377 576 1461 particulas
591 1378 783 1442 adhaereant.

367 1477 444 1540 Hoc
465 1479 560 1541 modo
582 1481 729 1543 omnibus
749 1480 871 1543 electris
891 1479 1074 1564 compositis
1095 1488 1127 1541 et
1147 1478 1289 1541 solidatis
1309 1478 1427 1562 accipe

323 1579 432 1643 omnia
447 1602 563 1665 genera
578 1581 659 1659 vitri,
674 1581 761 1667 quod
777 1582 817 1644 ad
833 1581 894 1645 hoc
909 1602 989 1665 opus
1004 1580 1169 1665 aptaveris,
1185 1580 1271 1643 etde
1287 1579 1425 1664 singulis

325 1681 464 1765 partibus
481 1703 610 1766 parvum
627 1683 775 1768 frangens
791 1683 912 1746 colloca
926 1703 1037 1746 omnes
1050 1682 1201 1744 fracturas
1216 1680 1310 1744 simul
1326 1701 1426 1764 super

325 1804 421 1844 unam
435 1794 555 1867 partem
567 1785 665 1869 cupri,
677 1806 933 1870 unamquamque
948 1793 1068 1868 partem
1086 1804 1140 1866 per
1151 1804 1203 1860 se;
1226 1782 1423 1867 mittensque

324 1883 357 1944 in
372 1882 478 1967 ignem
494 1907 649 1970 compone
664 1885 819 1948 carbones
835 1885 867 1947 in
878 1885 1008 1948 circuitu
1020 1893 1052 1947 et
1066 1883 1211 1968 desuper,
1224 1884 1423 1968 sufflansque

325 1984 489 2068 diligenter
504 1987 716 2051 considerabis
730 1987 756 2051 si
771 1986 932 2073 [equaliter
946 1985 1128 2071 liquefiant:
1152 1984 1179 2047 si
1200 1984 1257 2061 sic,
1272 1984 1422 2047 omnibus

324 2096 428 2166 utere;
453 2088 478 2149 si
495 2110 569 2151 vero
591 2088 696 2174 aliqua
717 2088 869 2174 particrda
884 2096 933 2151 est
946 2086 1064 2163 durior,
1080 2084 1278 2171 singulariter
1294 2106 1419 2171 repone.

326 2188 555 2274 Accipiensque
581 2190 721 2274 singulas
747 2200 852 2275 partes
878 2187 1015 2274 probati²
1037 2187 1118 2266 vitri,
1142 2187 1230 2249 mitte
1255 2186 1289 2248 in
1314 2187 1419 2272 ignem

325 2289 520 2374 singillatim,
533 2301 565 2353 et
579 2313 652 2354 cum
668 2292 840 2369 canduerit,
853 2291 957 2376 proice
973 2290 1005 2352 in
1018 2310 1075 2353 ras
1088 2309 1239 2373 cupreum
1254 2287 1288 2349 in
1303 2310 1366 2373 quo
1380 2285 1419 2348 sit

327 2412 422 2477 aqua,
437 2400 469 2454 et
489 2392 594 2455 statim
617 2392 732 2455 resiliet
751 2393 940 2471 minutatim,
955 2391 1042 2477 quod
1060 2413 1136 2453 mox
1151 2389 1333 2475 confringas
1347 2407 1417 2451 cnm
1442 2442 1452 2461 ,

328 2494 463 2557 rotundo
478 2495 592 2558 malleo
610 2495 712 2557 donec
733 2494 847 2558 subtile
863 2496 930 2573 fiat,
945 2494 1055 2579 sicque
1074 2492 1195 2556 lavabis
1216 2501 1249 2555 et
1268 2512 1366 2576 pones
1386 2488 1416 2550 in

325 2597 481 2661 concham
497 2597 659 2673 mundam,
675 2607 770 2682 atque
784 2596 947 2681 cooperies
964 2617 1070 2681 panno
1084 2595 1178 2658 lineo.
1224 2592 1303 2657 Hoc
1325 2588 1416 2655 modo

327 2698 467 2782 singulos
482 2699 603 2761 colores
617 2698 776 2783 dispones.
822 2697 897 2773 Quo
913 2697 998 2761 facto
1012 2696 1088 2759 tolle
1105 2716 1202 2759 unam
1217 2702 1339 2781 partem
1353 2689 1415 2756 aun'

326 2798 461 2877 solidati,
484 2808 517 2862 et
542 2821 635 2885 super
661 2800 801 2862 tabulam
828 2800 981 2885 aequalem
1004 2797 1180 2862 adhaerebis
1201 2819 1275 2860 cum
1297 2792 1415 2859 cerain

326 2901 451 2964 duobus
475 2902 563 2979 locis,
588 2903 810 2988 accipiensque
835 2923 974 2988 pennam
1000 2900 1118 2963 anseris
1144 2898 1276 2962 incisam
1304 2894 1414 2983 gracile

326 3001 408 3063 sicut
421 3002 461 3064 ed
478 3003 691 3081 scribendum,
707 3004 763 3067 sed
782 3004 915 3088 longiori
936 3012 1037 3067 rostro
1059 3011 1093 3065 et
1114 3024 1178 3065 non
1193 3003 1281 3077 lisso,
1295 2998 1413 3062 hauries

326 3117 452 3158 cumea
466 3118 565 3159 unum
585 3120 625 3161 ex
643 3101 802 3164 coloribus
817 3101 898 3177 vitri,
913 3099 1038 3185 qualem
1054 3097 1213 3162 volueris⁸.
1237 3096 1334 3172 Quod
1345 3111 1413 3157 vero

325 3197 511 3281 superfuerit
526 3219 641 3284 repone
657 3200 689 3262 in
703 3203 867 3265 vasculum
883 3222 976 3264 snum
996 3210 1028 3263 et
1050 3199 1187 3285 cooperi,
1200 3200 1311 3283 sicque
1324 3194 1413 3261 facies

327 3321 367 3364 ex
392 3299 526 3386 singulis
552 3302 720 3382 coloribus,
744 3304 846 3367 donec
873 3324 946 3388 pars
970 3323 1035 3365 nna
1060 3301 1244 3386 impleatur3
1275 3300 1413 3364 auferens

327 3424 432 3465 ceram
448 3403 498 3465 cui
514 3402 690 3484 inhaeserat,
705 3426 788 3490 pone
809 3404 912 3489 ipsam
933 3417 1054 3488 partem
1074 3423 1167 3487 super
1187 3401 1303 3465 fermm
1317 3411 1411 3473 tenue,

326 3507 414 3592 quod
435 3506 553 3571 habeat
574 3507 700 3571 brevem
723 3507 869 3584 caudam,
885 3515 917 3569 et
938 3504 1100 3589 cooperies
1122 3525 1195 3566 cum
1217 3504 1317 3567 altero
1339 3504 1411 3566 ferro

326 3609 414 3694 quod
438 3609 479 3672 sit
502 3632 615 3674 cavum
639 3611 671 3673 in
697 3608 933 3673 similitudinem
957 3608 1085 3685 vasculi,
1108 3607 1213 3692 sitque
1236 3627 1293 3692 per
1315 3602 1411 3668 omnia
1503 3626 1504 3691 ι

326 3711 554 3776 transforatum
575 3714 700 3798 gracile,
722 3713 767 3775 ita
792 3720 828 3775 ut
853 3710 1006 3774 foramina
1032 3710 1096 3773 sint
1120 3709 1251 3772 interius
1273 3708 1367 3793 plana
1383 3708 1412 3765 et
1503 3702 1504 3705 ’

325 3811 448 3888 latiora,
474 3822 506 3874 et
535 3814 672 3878 exterius
700 3814 862 3878 subtiliora
891 3821 924 3877 et
952 3812 1088 3897 hispida,
1115 3819 1243 3896 propter
1267 3805 1410 3873 arcendos

360 4107 368 4137 ¹
385 4110 402 4134 “
408 4108 456 4155 rire
466 4108 555 4169 sures,”
564 4111 593 4158 ie
604 4112 660 4160 MS.
671 4114 769 4162 ridetur.

359 4189 369 4219 ⁸
386 4192 402 4216 “
407 4189 479 4249 auri,‘’
489 4192 518 4238 iu
529 4193 585 4241 MS.
596 4193 761 4256 interponitur.

358 4273 369 4302 ¹
385 4273 447 4334 “qni
457 4273 502 4320 crit
511 4272 627 4332 humidus,
638 4283 662 4321 et
678 4290 729 4321 cum
745 4275 813 4336 longo
829 4289 897 4335 cupro
913 4273 992 4336 gracili
1008 4279 1033 4320 et
1048 4272 1073 4319 in
1090 4272 1221 4319 summitate
1238 4270 1317 4318 subtili
1330 4269 1408 4317 ratim

325 4365 397 4406 rostro
416 4371 498 4418 penum
518 4356 634 4403 subtiliter
654 4363 678 4402 et
699 4355 805 4416 implebis
825 4370 983 4416 quemcunque
1004 4351 1123 4401 damulam
1142 4353 1249 4412 volneris,
1268 4361 1292 4400 et
1309 4358 1408 4412 qnantum

324 4439 445 4498 voluerii?
460 4454 488 4487 ex
499 4439 581 4487 Oodrbe
592 4437 692 4499 Guelplt.
