3166 5190
282 531 340 592 158
644 546 832 589 rimorum
858 547 958 588 Lmen
981 547 1018 587 ιι.

277 701 368 764 unius
395 700 425 760 iu
454 710 534 760 terra
561 698 690 775 tunsum,
715 710 747 760 ct
771 699 952 783 pertingens
973 718 1073 782 usque
1093 696 1134 759 ul
1157 697 1372 761 summitatem

277 803 440 879 fenestrae3
464 801 496 863 in
523 801 648 863 sinistra
677 822 751 863 vero
778 800 925 878 fornacis,
953 800 1014 864 hoc
1039 809 1089 863 est
1114 801 1146 862 iu
1169 800 1280 863 dextra
1306 810 1373 880 tua,

272 906 365 988 juxta
388 903 491 989 ipsam
515 902 695 981 fenestram,
712 902 753 966 sit
777 902 896 966 fossula
917 902 950 965 in
974 903 1087 988 argilla
1106 902 1200 966 fectu.
1246 902 1375 967 Deinde

276 1014 369 1069 cocto
384 1005 475 1082 vitro,
491 1004 600 1089 accipe
622 1004 743 1090 lignum
759 1028 832 1069 cum
848 1006 951 1069 rotula
974 1014 1007 1068 et
1026 1006 1119 1083 ferm,
1134 1006 1220 1091 quod
1241 1016 1375 1069 vocatur

277 1130 363 1186 veru,
378 1116 410 1170 et
423 1129 506 1192 pone
521 1107 736 1171 summitatem
750 1109 818 1193 ejus
833 1109 865 1171 in
881 1130 936 1172 vus
952 1109 1033 1188 vitri,
1047 1108 1271 1195 modicumque
1285 1110 1375 1194 quod

278 1211 305 1274 ei
316 1210 482 1273 edhaescrit
493 1209 662 1272 extrahens
673 1231 779 1295 punge
788 1209 910 1274 fortiter
918 1211 951 1272 iu
960 1211 1091 1296 lignum,
1100 1219 1137 1273 ut
1145 1209 1259 1273 vitrum
1268 1219 1375 1274 trans·

279 1314 407 1389 foretur,
426 1312 595 1397 statimque
614 1311 733 1374 calefac
753 1311 935 1375 inflamma
954 1321 987 1375 et
1001 1323 1128 1397 percute
1143 1334 1237 1397 super
1250 1312 1376 1397 lignum

278 1417 337 1493 bis,
352 1425 388 1477 ut
403 1415 518 1476 vitrum
541 1413 699 1488 dilatetur,
716 1422 811 1498 atque
826 1436 899 1476 cum
922 1415 1121 1478 festinatione
1137 1416 1227 1478 volve
1243 1436 1375 1479 manum

278 1529 365 1582 tuam
378 1539 450 1580 cum
463 1516 574 1579 eodem
591 1517 683 1592 ferm,
696 1527 731 1578 ut
739 1517 851 1579 anulus
867 1517 899 1578 in
912 1518 1081 1580 rotundum
1093 1518 1302 1603 amplificetur
1310 1543 1319 1597 ;
1340 1505 1376 1583 et

279 1623 322 1684 ita
336 1621 495 1683 volvendo
511 1619 561 1681 sac
574 1641 645 1681 eum
657 1618 850 1681 descendere
865 1640 964 1704 usque
980 1619 1020 1681 ad
1036 1620 1182 1699 rotulam,
1196 1628 1231 1682 ut
1244 1623 1377 1707 aequalis

278 1724 343 1786 fiat.
390 1720 464 1795 Quo
487 1720 594 1783 statim
621 1721 722 1804 ejecto
745 1721 776 1781 in
803 1721 967 1797 fossulam,
990 1720 1102 1783 eudem
1125 1722 1222 1785 modo
1244 1744 1377 1807 operere

278 1827 431 1906 quantum
449 1818 536 1879 velis.
583 1816 679 1891 Quod
700 1816 727 1878 si
743 1816 877 1880 volueris
899 1818 1010 1880 anulos
1031 1827 1102 1881 tuos
1124 1819 1193 1882 ullis
1214 1821 1377 1884 coloribus

279 1919 408 1997 variare,
435 1941 506 1981 cum
534 1919 692 2003 acceperis
718 1918 834 1981 vitrum
858 1928 890 1981 et
916 1920 1154 2004 tmnspunxeris
1169 1943 1241 1985 cum
1264 1924 1377 2006 gracili

279 2023 372 2101 ferm,
388 2021 453 2084 eice
469 2021 509 2084 de
531 2021 593 2083 alio
609 2043 683 2083 vase
699 2021 826 2083 alterius
848 2021 962 2084 coloris
977 2021 1104 2101 vitrum,
1121 2023 1154 2084 in
1176 2023 1304 2087 mudum
1327 2027 1376 2089 fili

279 2123 479 2189 circumdans
505 2144 543 2185 eo
568 2123 683 2184 vitrum
713 2121 808 2199 anuli,
834 2121 948 2185 deinde
963 2123 1151 2186 calefactum
1174 2126 1206 2187 in
1233 2126 1376 2207 flamma,

279 2227 360 2290 sicut
371 2227 523 2311 superius,
536 2224 628 2287 simili
640 2224 736 2288 modo
746 2224 870 2309 perfice.
918 2223 1015 2287 Potes
1030 2224 1126 2288 etium
1141 2248 1235 2312 super
1245 2228 1376 2292 anulum

279 2328 406 2390 alterius
422 2329 546 2412 generis
570 2327 686 2390 vitrum
706 2314 831 2411 ponere
847 2325 929 2389 sicut
952 2347 1123 2411 gemmam,
1147 2337 1180 2390 et
1199 2329 1318 2395 culesuc
1342 2333 1377 2394 in

280 2431 409 2494 flamma
426 2441 460 2493 ut
475 2430 644 2493 udhaereat.

582 2882 738 2928 EXPLICIT
760 2885 863 2928 LIBER
885 2884 1070 2931 SECUNDUS.
