3144 5184
328 535 366 596 lo
684 550 875 595 rasorium
901 551 1004 595 erasa
1030 553 1050 594 1.

326 704 417 787 pillos
439 714 470 764 et
493 704 606 764 barbas
629 724 752 781 senum,
768 712 799 765 et
816 704 864 766 sac
880 714 1031 766 tractatos
1048 726 1086 766 cx
1103 704 1214 765 eodem
1231 703 1348 781 colore,
1366 703 1424 765 ad-

325 804 424 865 mixto
439 805 467 865 ci
484 804 573 889 nigro
589 804 723 888 amplius
739 814 771 867 et
793 804 919 867 modico
943 804 1050 883 mbeo,
1073 814 1105 865 ct
1127 805 1269 867 illumina
1284 828 1323 867 eo
1339 806 1424 868 unde

325 906 500 989 decrepitos
527 904 723 989 impleveras,
778 905 828 968 Eo
855 907 975 983 ordine,
999 906 1025 970 si
1050 905 1107 984 vis,
1136 907 1239 969 adhuc
1267 905 1424 991 nigriore

326 1006 456 1090 capillos
472 1015 504 1069 et
519 1006 633 1068 barbas
649 1028 814 1090 compone.

625 1217 810 1227 ε--υ--φ--ω
827 1221 921 1228 ψ..-
938 1220 1118 1227 -..---.

641 1374 874 1468 CAPUT
931 1372 1093 1468 XHL

449 1595 494 1637 DE
519 1595 658 1638 EXUDRA
682 1595 723 1637 ΕΤ
746 1594 886 1637 cernale
909 1592 1098 1637 comninos
1123 1594 1301 1637 VULTUUM.

421 1745 568 1807 ElNDE
583 1746 723 1809 admisce
739 1746 836 1808 rubeo
858 1743 1016 1806 modicum
1032 1744 1125 1827 nigri,
1140 1744 1194 1829 qui
1209 1745 1296 1808 color
1310 1744 1427 1809 dicitur·

440 1847 570 1925 exudra,
585 1859 617 1911 et
632 1848 682 1911 fac
698 1849 770 1911 inde
786 1855 906 1911 tractus
918 1847 1005 1909 eirca
1020 1847 1173 1924 vultuum,
1195 1846 1331 1931 pupillas
1347 1872 1427 1912 ocu-

329 1949 442 2024 lorum,
458 1958 490 2009 et
505 1948 536 2010 in
553 1950 657 2013 medio
673 1950 745 2027 oris,
756 1960 788 2012 et
802 1948 932 2013 subtiles
948 1947 1158 2011 tractusinter
1172 1970 1209 2010 os
1224 1958 1256 2010 et
1270 1958 1425 2012 mentum.

331 2047 413 2111 Post
427 2048 494 2112 haec
510 2072 583 2113 cum
600 2050 733 2136 simplici
748 2051 846 2115 rubeo
861 2051 911 2114 sac
926 2049 1102 2136 supercilia,
1114 2058 1146 2113 et
1160 2049 1290 2114 subtiles
1305 2058 1427 2114 tractus

329 2150 409 2214 inter
436 2152 545 2215 oculos
569 2162 601 2215 et
627 2153 793 2238 supercilia
816 2162 848 2215 et
871 2153 980 2216 oculos
1004 2150 1141 2230 inferius,
1166 2151 1199 2214 in
1226 2152 1321 2236 plena
1345 2152 1428 2216 facie

330 2276 443 2317 nasum
466 2254 498 2317 in
516 2255 647 2319 dextera
667 2254 780 2339 parte¹,
806 2275 996 2340 supemares
1008 2275 1048 2316 ex
1072 2262 1205 2339 utraque
1220 2262 1320 2339 parte,
1342 2264 1377 2317 et
1390 2277 1428 2318 os

330 2356 468 2434 inferius,
495 2365 528 2420 et
552 2357 635 2420 circa
655 2356 789 2419 frontem
807 2365 840 2419 et
854 2355 999 2418 maxillas
1014 2377 1125 2418 senum
1141 2355 1281 2434 interius,
1296 2364 1330 2419 et
1343 2358 1429 2421 circa

330 2457 446 2543 digitos
468 2479 618 2521 manuum
646 2467 677 2521 et
701 2459 849 2521 articulos
873 2456 990 2542 pedum
1011 2456 1151 2535 interius,
1172 2457 1250 2519 etin
1273 2479 1430 2522 conversa

331 2558 411 2620 facie
426 2559 509 2622 circa
529 2580 621 2621 nares
642 2559 674 2621 in
699 2559 846 2623 anteriori
867 2568 966 2643 parte.
1026 2555 1199 2642 Supercilia
1218 2579 1293 2622 vero
1314 2581 1427 2622 senum

331 2661 397 2722 sive
411 2659 641 2744 decrepitorum
665 2660 761 2723 facies
785 2683 858 2725 cum
874 2659 1004 2739 veneda,
1027 2659 1111 2723 unde
1131 2660 1266 2744 pupillas
1280 2660 1429 2745 implesti.

334 2761 460 2823 Deinde
475 2782 548 2823 cum
564 2760 698 2844 simplici
722 2761 813 2845 nigro
832 2762 986 2846 juvenum
1011 2762 1177 2846 supercilia
1200 2762 1309 2841 facies,
1329 2763 1374 2826 ita
1392 2773 1432 2827 ut

332 2862 474 2947 superius
497 2862 727 2948 aliquantulum
754 2863 842 2927 mbei
867 2873 1027 2949 appareat,
1052 2872 1084 2927 et
1107 2864 1215 2928 oculos
1239 2865 1383 2949 superius
1397 2875 1434 2929 et

332 2963 489 3028 foramina
511 2964 644 3045 narium,
667 2974 700 3028 et
723 2987 759 3029 os
782 2987 821 3028 ex
836 2973 969 3051 utraque
984 2974 1082 3050 parte,
1097 2974 1131 3028 et
1153 2965 1237 3029 circa
1261 2967 1433 3047 auriculas,

332 3087 447 3128 manus
470 3076 503 3130 et
526 3066 643 3152 digitos
667 3068 815 3146 exterius,
842 3076 874 3130 et
899 3066 1047 3130 articulos
1072 3075 1105 3130 et
1129 3077 1259 3132 caeteros
1288 3070 1433 3154 corporis

333 3176 463 3231 tractus.
518 3168 641 3233 Omnes
668 3193 742 3234 vero
762 3178 881 3233 tractus
905 3168 988 3233 circa
1012 3169 1098 3232 nuda
1122 3191 1255 3255 corpora
1279 3170 1330 3235 sac
1355 3194 1433 3235 cum

333 3270 441 3349 rubeo,
456 3279 488 3335 et
502 3293 625 3357 ungues
640 3272 824 3357 designabis
839 3292 912 3334 cum
927 3270 1073 3334 exteriori
1087 3293 1169 3335 rosa.

742 3504 756 3508 ,0
775 3499 1126 3509 ——q-——u—m„

661 3639 896 3735 CAPUT
957 3637 1097 3734 xla

476 3863 522 3906 DE
544 3862 700 3907 MIx‘rUnA
723 3860 1015 3905 vsssmmnnuonun
1039 3860 1076 3902 IN
1100 3859 1285 3910 LAQUEARI.

338 4010 541 4163 MISCE
556 4014 677 4078 manisc
693 4034 765 4077 cum
782 4013 857 4076 folio
869 4012 934 4076 sire
949 4033 1022 4076 cum
1031 4011 1133 4097 nigro,
1143 4020 1175 4075 et
1186 4008 1311 4074 modico
1323 4011 1434 4087 rubeo,

458 4125 491 4178 et
505 4116 601 4201 imple
615 4116 847 4180 vestimentum.
894 4114 1044 4191 Admisce
1066 4114 1161 4177 etiam
1178 4113 1339 4176 modicum
1353 4114 1435 4198 nigri

304 4234 306 4238 “
337 4226 369 4281 et
383 4217 433 4281 fac
457 4226 584 4281 tractus.
632 4217 757 4282 Deinde
773 4217 870 4280 misce
884 4217 969 4280 lazur
984 4239 1057 4280 cum
1074 4217 1197 4280 modico
1213 4215 1346 4295 manise,
1368 4216 1435 4278 sive

372 4408 378 4436 ¹
391 4407 417 4456 si
428 4408 458 4455 nd
470 4407 587 4455 dexteram
598 4414 686 4469 partem
698 4407 820 4468 respiciam
834 4412 946 4469 pertracta
958 4407 994 4454 vel
1006 4408 1102 4468 figurata
1114 4406 1145 4453 sit
1155 4405 1237 4462 lacies3
1248 4403 1321 4451 autin
1333 4403 1436 4457 sinistra,

338 4492 356 4536 si
369 4491 399 4537 ad
410 4490 526 4537 sinistram
536 4496 652 4536 vertatur:
676 4491 715 4536 lix
728 4490 784 4535 (Ful.
796 4490 851 4548 neq.
