3144 5184
328 538 371 598 90
691 554 879 597 rnnormm
906 555 1008 597 arasa
1034 556 1055 597 1.

324 704 432 768 addito
447 704 573 768 modico
596 705 686 789 nigro
709 715 741 768 et
763 726 867 768 succe.
914 705 989 780 Quo
1010 705 1115 767 colore
1136 704 1308 790 pinguntur
1322 706 1426 769 etiam

322 818 404 869 terra
418 815 451 869 et
464 815 598 870 montes,
639 806 733 871 Fiunt
748 807 842 870 etiam
856 816 940 870 terra
954 815 987 870 ct
1002 813 1126 869 montes
1141 826 1181 869 cx
1193 806 1282 869 viridi
1298 816 1331 870 et
1345 808 1427 871 albo

323 909 389 972 sine
405 930 511 986 succo,
527 908 570 971 ita
586 918 621 971 ut
636 908 763 972 interius
779 910 820 971 sit
834 909 995 993 pallidum,
1011 908 1148 972 exterius
1169 908 1275 971 trahat
1289 909 1427 971 umbras

323 1012 439 1073 mixtas
455 1033 526 1073 cum
546 1010 671 1075 modico
691 1011 791 1096 nigro.
838 1010 961 1075 Omnes
983 1011 1117 1085 colores,
1134 1010 1187 1096 qui
1210 1009 1279 1073 aliis
1301 1031 1427 1095 suppo-

323 1124 441 1176 nuntur
463 1113 494 1174 in
517 1135 618 1189 muro,
642 1114 728 1176 calce
751 1112 941 1176 misceantur
965 1120 1093 1198 propter
1115 1111 1307 1175 firmitatem.
1353 1110 1427 1174 Sub

323 1217 408 1278 lazur
429 1225 461 1278 et
483 1215 603 1277 manisc
626 1226 658 1277 et
680 1215 739 1278 sub
760 1214 849 1278 viridi
869 1224 1004 1300 ponatur
1025 1214 1165 1292 venada3
1189 1213 1248 1277 sub
1269 1213 1427 1276 eenobrio

324 1317 453 1381 rubeum
467 1344 475 1397 ;
499 1318 558 1381 sub
574 1339 652 1402 ogra
668 1328 699 1380 et
715 1318 789 1380 folio
804 1317 901 1379 iidem
915 1316 1036 1378 colores
1047 1315 1135 1378 calce
1151 1315 1251 1377 mixti.

1021 1616 1029 1619 -
1035 1613 1137 1621 ..μ-*ι-

552 1989 553 1992 w
629 1865 861 1964 capus
918 1865 1094 1960 xvir.

341 2103 386 2145 DE
408 2102 553 2146 'rannus
577 2103 755 2148 ALTARIUM
781 2103 822 2144 ET
845 2101 1032 2160 os‘rloavst,
1056 2100 1098 2143 ΕΤ
1121 2099 1272 2143 abdanus
1295 2099 1406 2143 casm.

400 2267 567 2331 ABULAE
591 2269 735 2332 altarium
762 2267 827 2331 sive
855 2268 1005 2330 ostiorum
1038 2266 1174 2351 primum
1207 2265 1422 2350 particulatim

412 2372 646 2456 conjungantur
657 2371 816 2456 junctorio
836 2371 1055 2449 instrumenta,
1071 2391 1134 2455 quo
1150 2376 1282 2431 utuntur
1296 2367 1423 2431 doliarii

323 2473 389 2535 sive
411 2472 549 2536 tomarii.
597 2472 722 2536 Deinde
744 2480 977 2557 componantur
998 2470 1119 2556 glutine
1140 2469 1236 2547 casei,
1251 2470 1338 2555 quod
1359 2471 1424 2534 hoc

325 2573 422 2636 modo
437 2573 483 2636 fit.
536 2573 658 2636 Caseus
678 2574 780 2637 mollis
802 2572 980 2636 minutatim
1000 2571 1155 2634 incidatur
1170 2578 1202 2633 et
1217 2592 1300 2656 aqua
1315 2571 1423 2635 calida

324 2676 357 2736 in
373 2674 552 2737 mortariolo
572 2695 645 2736 cum
660 2675 724 2759 pila
737 2675 860 2738 tamdiu
881 2676 1014 2751 lavetur,
1028 2671 1150 2736 donec¹
1167 2672 1349 2735 multotiens
1371 2673 1423 2735 in-

326 2775 397 2838 fusa
416 2796 495 2860 pura
510 2773 582 2837 inde
605 2786 706 2838 excat.
753 2776 879 2839 Deinde
893 2776 978 2839 idem
1000 2796 1111 2839 caseus
1126 2781 1307 2837 attenuatus
1323 2796 1424 2840 manu

326 2875 468 2938 mittatur
490 2875 523 2937 in
551 2874 698 2961 frigidam
724 2899 841 2965 aquam
868 2877 969 2941 donec
996 2876 1188 2940 indurescat.
1245 2874 1328 2939 Post
1353 2878 1423 2943 hac

324 2984 443 3040 teratur
472 2977 679 3042 minutissime
706 3002 801 3066 super
832 2980 969 3065 ligneam
997 2979 1137 3043 tabulam
1166 2979 1320 3065 aequalem
1347 3003 1423 3044 cum

324 3076 423 3140 altero
448 3077 544 3163 ligno,
568 3080 675 3166 sioque
702 3102 825 3145 rursum
851 3081 994 3144 mittatur
1018 3080 1052 3143 in
1077 3080 1261 3144 mortarium
1287 3089 1320 3144 et
1347 3105 1422 3146 cum

322 3175 386 3260 pila
407 3176 573 3263 diligenter
594 3181 748 3245 tundatur
770 3181 879 3246 addita
900 3204 984 3267 aqua
1006 3203 1079 3246 cum
1101 3182 1174 3245 vira
1200 3183 1285 3245 calce
1308 3184 1423 3264 mixta,

325 3277 428 3341 donec
450 3279 495 3342 sic
517 3282 652 3367 spissum
675 3284 742 3361 fiat,
765 3294 801 3348 ut
823 3291 897 3347 sunt
920 3284 1012 3347 feces.
1069 3283 1141 3348 Hoc
1164 3285 1283 3370 glutine
1304 3286 1422 3352 tabulas

325 3379 460 3443 altarum
476 3384 705 3470 conpaginatm,
716 3394 886 3471 postquam
902 3385 1068 3463 siccantur,
1079 3385 1123 3449 ita
1133 3384 1193 3449 sibi
1203 3387 1422 3468 adhaerentut

324 3502 383 3544 nec
399 3480 531 3547 humore
545 3507 604 3549 nec
619 3486 724 3549 calore
738 3485 877 3571 disjungi
895 3486 1027 3572 possint.
1075 3486 1288 3552 Postmodum
1303 3491 1421 3577 aequari

323 3582 442 3647 debent
469 3585 646 3669 planatorio
677 3588 768 3667 ferro,
793 3587 880 3674 quod
910 3609 1052 3652 curvum.
1071 3596 1104 3651 et
1131 3588 1261 3653 interius
1291 3602 1420 3655 acutum

324 3684 422 3747 habet
448 3685 512 3750 duo
536 3690 712 3769 manubria,
734 3699 771 3754 ut
804 3711 845 3753 ex
876 3697 1010 3774 utraque
1039 3710 1136 3752 manu
1160 3689 1313 3768 trahatur,
1336 3692 1419 3756 uude

323 3784 477 3849 raduntur
500 3789 591 3869 ostia,
616 3799 649 3854 et
671 3800 771 3871 scuta,
795 3791 898 3855 donec
923 3789 1053 3853 omnino
1079 3790 1159 3853 fiant
1186 3791 1293 3876 plana.
1339 3791 1419 3856 Inde

322 3888 543 3973 cooperiantur
564 3890 662 3955 crudo
683 3895 769 3956 corio
791 3892 874 3980 equi,
889 3891 938 3954 vel
953 3891 1043 3970 asini,
1060 3890 1144 3977 quod
1161 3912 1245 3977 aqua
1259 3892 1418 3957 madefac·

321 3994 400 4067 tum,
426 3991 535 4054 statim
563 4000 599 4055 ut
628 3992 683 4078 pili
713 3994 828 4058 fuerint
856 3991 947 4072 erasi,
974 4013 1058 4079 aqua
1087 3992 1283 4076 aliquantum
1313 4002 1417 4057 extor-

321 4100 465 4177 queatur,
479 4093 569 4157 etita
583 4094 748 4159 humidum
762 4118 834 4159 cum
851 4094 970 4181 glutine
985 4093 1069 4157 casei
1084 4102 1325 4179 superponatur.

582 4279 590 4309 ¹
601 4296 672 4341 aqua,
679 4284 708 4331 ia
719 4284 803 4331 autom
813 4284 919 4331 master
930 4283 1006 4331 MSS.
1017 4282 1126 4331 additur.
