3018 5170
668 519 859 563 rusorum
883 518 988 562 maso
1011 516 1064 560 111.

650 797 883 894 CAPUT
939 794 1078 892 LIX.

504 1014 550 1056 DE
572 1014 808 1059 coursculous
830 1014 909 1064 QUAE
933 1012 1076 1057 melsun
1098 1011 1224 1054 unm.

393 1160 487 1224 ERE
507 1171 628 1246 partem
651 1162 755 1224 lateris
776 1163 842 1225 sive
862 1163 977 1247 tegulae
992 1160 1211 1237 minutissime,
1227 1169 1261 1222 et
1275 1153 1408 1243 liquefac
1499 1180 1500 1189 ¹

415 1263 517 1349 picem
540 1264 572 1326 in
595 1274 676 1327 testa
698 1265 777 1343 ollae,
802 1264 1026 1348 modicumque
1048 1284 1127 1325 cerae
1148 1262 1244 1325 adde.
1290 1258 1408 1334 Quibus

319 1367 432 1450 pariter
453 1365 629 1452 liquefactis
651 1367 821 1428 commisce
837 1366 994 1450 pulverem
1011 1366 1125 1451 tegulae
1140 1373 1173 1427 et
1187 1362 1312 1427 fortiter
1325 1380 1407 1423 com·

318 1490 410 1530 move
432 1478 526 1553 atque
548 1468 718 1553 inaquam
741 1467 877 1530 effunde.
923 1465 1068 1553 Cumque
1083 1466 1215 1552 coeperit
1229 1458 1408 1548 refrigerari,
1499 1494 1500 1507 κ

318 1568 459 1653 intingue
475 1591 587 1632 manus
604 1581 753 1656 utrasque
773 1569 936 1656 inaquam
954 1580 987 1632 et
1001 1591 1126 1633 macera
1140 1569 1206 1647 diu,
1221 1568 1325 1631 donec
1340 1583 1407 1647 pos·
1499 1622 1500 1641 ,

319 1671 362 1733 sis
392 1670 492 1753 ipsam
523 1670 753 1734 confectionem
784 1672 953 1736 extendere
978 1682 1010 1735 et
1034 1671 1158 1735 trahere
1182 1670 1266 1734 sieut
1291 1665 1405 1752 pellem·

321 1772 414 1835 Hanc
436 1773 666 1837 confectionem
689 1774 796 1837 statim
818 1774 998 1859 liquefacies
1020 1783 1052 1837 et
1073 1772 1219 1858 implebis
1242 1766 1407 1854 ampullam
1499 1786 1500 1799 ¹

320 1895 419 1959 usque
442 1874 481 1936 ad
501 1897 670 1939 summum.
715 1875 863 1961 Cumque
885 1875 1068 1960 refrigerata
1090 1875 1193 1953 fuen't,
1215 1869 1359 1959 pertrahe
1377 1866 1405 1929 iu
1499 1870 1500 1921 l

321 1987 429 2038 ventre
444 1984 476 2037 et
491 1977 523 2038 in
538 1977 620 2040 collo
634 1977 857 2062 quodcumque
873 1977 1018 2056 volueris,
1032 1978 1208 2062 tollensque
1224 1975 1325 2039 ferros
1339 1970 1407 2032 duc‘

321 2078 417 2141 torios
432 2077 565 2161 graciles
586 2088 618 2141 et
640 2080 804 2164 parvulum
828 2080 1006 2144 malleolum
1025 2079 1158 2163 designa
1171 2077 1261 2163 quod
1277 2082 1405 2161 pertrax·
1499 2094 1500 2155 t

321 2180 386 2258 isti,
409 2181 441 2241 in
463 2180 606 2259 circuitu,
628 2181 739 2244 leniter
760 2181 974 2266 percutiendo.
1022 2179 1147 2244 Deinde
1169 2179 1212 2242 da
1234 2198 1341 2262 puero,
1358 2168 1406 2258 qui

322 2290 433 2345 contra
454 2291 486 2344 te
508 2282 608 2361 sedat,
632 2283 811 2346 malleolum
830 2292 862 2347 et
882 2292 917 2346 tu
939 2292 1012 2347 tene
1033 2282 1066 2344 in
1088 2280 1212 2344 sinistra
1235 2300 1332 2342 manu
1345 2296 1405 2338 am-

323 2385 450 2469 pullam,
473 2392 505 2447 et
527 2383 657 2447 dextera
678 2383 787 2465 ferros,
811 2385 1060 2470 unumquodque
1082 2383 1115 2447 in
1137 2404 1195 2446 suo
1217 2382 1300 2458 loco,
1318 2386 1348 2440 et
1362 2375 1405 2437 fac
1499 2432 1500 2463 ³

323 2507 454 2571 puerum
471 2494 631 2570 percutere
646 2508 846 2573 quocumque
864 2486 960 2549 modo
977 2486 1121 2564 volueris,
1136 2484 1249 2547 leniter
1263 2490 1317 2547 aut
1329 2476 1405 2542 forti·
1499 2468 1500 2477 ¹

323 2597 380 2664 ter,
396 2610 434 2651 ac
449 2587 574 2672 depone
589 2608 730 2672 cumpca,
745 2598 782 2651 ut
800 2588 870 2652 cavi
891 2589 970 2651 fiant
984 2597 1017 2651 et
1031 2609 1111 2672 opus
1126 2588 1276 2650 elevetur.
1319 2581 1405 2645 Cum·

323 2713 384 2777 que
400 2712 455 2774 per
475 2689 581 2754 omnia
601 2690 697 2753 semel
718 2688 917 2775 percusseris,
939 2689 1086 2775 apposita
1106 2687 1246 2774 ampulla
1265 2685 1336 2773 igni,
1350 2682 1405 2745 eice

323 2792 565 2871 confectionem,
595 2791 782 2877 recoctbque
810 2791 961 2876 ampullb,
991 2791 1091 2877 ejecti
1119 2792 1160 2854 ab
1183 2791 1272 2876 igne,
1295 2803 1404 2852 rursum

323 2896 419 2980 imple
435 2916 516 2973 earn,
532 2916 570 2958 ac
593 2893 674 2958 sicut
697 2894 781 2978 prius
803 2901 931 2978 percute
953 2893 1061 2978 sicque
1079 2893 1175 2956 facies
1191 2892 1294 2956 donec
1309 2902 1404 2953 omues

324 3017 454 3080 campos
469 2995 630 3082 aequaliter
644 2995 795 3079 deponas,
811 3003 843 3057 et
857 3016 952 3059 omne
967 3017 1047 3080 opus
1061 2995 1106 3058 ita
1120 2995 1300 3058 conformes
1313 3000 1346 3054 ut
1357 3006 1404 3070 ap·

325 3107 434 3184 pareat
454 3096 545 3182 quasi
567 3096 674 3159 fusum
697 3096 747 3159 sit.
793 3095 866 3160 Hoc
888 3106 995 3161 autem
1017 3097 1146 3161 omnino
1168 3118 1304 3182 procura
1318 3101 1405 3155 utar·

323 3209 454 3286 gentum
485 3199 631 3282 ampullae
656 3198 701 3260 ita
727 3200 862 3284 spissum
887 3200 937 3279 sit,
960 3206 996 3263 ut
1016 3221 1089 3263 curn
1111 3220 1191 3284 opus
1213 3189 1403 3283 percutiendo

324 3302 519 3380 formaveris,
535 3322 607 3364 cum
630 3300 718 3363 ferris
741 3301 882 3365 fossoriis
899 3301 1003 3387 possis
1017 3301 1094 3364 illud
1108 3300 1256 3364 decenter
1271 3296 1404 3366 incidere,

326 3406 432 3470 fodere
447 3414 479 3468 et
492 3403 612 3468 radere.
657 3402 732 3478 Quo
756 3412 895 3488 peracto,
914 3403 941 3466 si
956 3404 1100 3483 volueris,
1115 3403 1166 3467 fac
1182 3403 1350 3466 auriculam
1363 3393 1404 3456 fu·

326 3510 416 3574 silem
431 3508 543 3573 eodem
567 3506 662 3570 modo
685 3528 748 3591 quo
771 3505 913 3568 formasti
932 3507 1086 3570 auriculas
1101 3506 1241 3592 argentei
1256 3500 1367 3575 calicis,
1379 3502 1406 3557 el

325 3614 358 3675 in
378 3610 526 3676 anteriori
547 3619 636 3694 parte
658 3607 887 3687 deductorium,
910 3609 995 3671 unde
1009 3609 1117 3671 vinum
1140 3607 1329 3684 effundatur,
1345 3616 1403 3686 quae

325 3712 529 3778 confirmabis
558 3710 742 3790 solidaturd,
772 3719 904 3795 argento
931 3720 963 3774 et
988 3732 1085 3796 cupro
1114 3710 1223 3789 mixta,
1248 3720 1286 3772 ut
1313 3718 1403 3788 supra

329 3814 465 3894 Deinde,
476 3814 666 3900 ubicumque
676 3813 821 3890 volueris,
836 3811 952 3896 nigello
964 3812 1101 3891 ornabis,
1114 3822 1147 3876 et
1160 3812 1312 3899 reliquum
1322 3806 1403 3869 deau-

325 3918 410 3982 rabis
425 3926 578 4001 utsupra.

372 4018 497 4082 Eodem
512 4017 608 4082 modo
624 4017 720 4081 facies
737 4017 858 4104 cyphos
873 4038 986 4080 aureos
1000 4022 1033 4079 et
1047 4024 1214 4101 argenteos
1229 4024 1323 4101 atque
1335 4004 1404 4073 scul-
1421 4042 1426 4059 ·

325 4124 427 4201 tellas,
443 4131 476 4185 et
490 4120 612 4207 pixides
633 4119 674 4182 ad
697 4120 820 4184 oblatas
843 4117 1052 4202 imponendas
1074 4127 1106 4181 et
1126 4117 1271 4202 capsulas
1285 4107 1404 4199 thymia-

328 4229 440 4309 matis;
463 4236 495 4291 et
510 4223 675 4288 manubria
689 4223 722 4285 in
733 4220 875 4299 cultellis,
891 4229 924 4283 et
938 4220 1092 4306 imagines
1103 4220 1136 4283 in
1151 4217 1295 4283 cmcibus
1308 4222 1338 4279 et
1349 4208 1403 4296 ple·

327 4333 423 4397 uariis
439 4353 478 4395 ex
493 4350 570 4393 auro
586 4328 652 4391 sive
667 4333 800 4412 argento
815 4332 871 4386 aut
884 4343 991 4407 cupro.
