3018 5170
315 533 379 595 326
666 551 856 595 runonnmr
882 551 985 596 mass
1004 553 1057 596 111.

316 702 432 788 poteris
442 702 571 765 interius
584 724 655 766 cum
670 704 765 787 longo
777 705 893 768 malleo
908 714 941 768 et
949 703 1059 789 gracili
1071 710 1236 789 percutere
1247 714 1280 768 et
1290 712 1407 769 attenu-

316 826 379 883 are,
395 805 421 867 si
437 827 517 890 opus
534 805 637 868 suerit.
683 805 780 880 Quod
796 805 821 869 si
845 805 910 870 duo
928 807 1044 892 capita,
1059 807 1107 869 vel
1130 806 1192 871 tria
1205 828 1261 872 seu
1276 808 1362 893 plura
1378 807 1408 869 in

316 907 426 971 tabula
440 929 510 971 esse
524 907 671 985 debeant,
681 909 765 972 circa
774 909 1026 996 unumquodque
1039 909 1085 972 ita
1099 907 1203 973 facere
1217 909 1316 974 debes
1330 908 1411 972 sicut

317 1009 394 1091 dixi,
416 1033 516 1097 usque
538 1010 578 1075 ad
603 1011 801 1075 altitudinem
826 1021 978 1099 quantam
999 1012 1146 1076 volueris.
1193 1011 1318 1076 Deinde
1338 1031 1411 1075 cum
1488 1026 1489 1087 ᾖ

317 1114 522 1198 pertractorio
537 1114 619 1179 ferro
635 1113 767 1199 designa
781 1136 894 1200 corpus
909 1115 958 1178 vel
974 1135 1109 1200 corpora
1122 1114 1308 1200 imaginum,
1324 1122 1357 1177 et
1372 1114 1412 1175 ita

317 1217 504 1281 deducendo
514 1225 546 1280 et
559 1215 716 1280 interdum
731 1216 946 1302 percutiendo,
957 1215 1094 1280 elevabis
1109 1224 1317 1302 sequentum
1333 1214 1411 1278 libu·

319 1321 394 1399 erit3
417 1320 479 1383 hoc
495 1330 601 1383 tamen
622 1341 794 1406 procurans
809 1329 845 1384 ut
864 1329 962 1406 caput
982 1340 1107 1405 semper
1122 1319 1163 1383 sit
1181 1319 1285 1383 altius.
1335 1317 1411 1382 Post
1488 1312 1489 1399 ᾗ

319 1420 387 1484 haee
397 1421 580 1505 designabis
589 1444 682 1486 nares
693 1432 726 1486 et
736 1422 901 1486 oculorum
916 1421 1094 1508 supercilia,
1105 1444 1142 1486 os
1158 1429 1190 1485 et
1204 1442 1306 1497 aures,
1319 1421 1412 1506 capil-

316 1524 375 1603 loa,
390 1524 510 1602 oculos,
526 1544 639 1587 manus
653 1533 686 1588 et
700 1523 840 1605 brachia,
861 1534 1052 1610 caeterasque
1067 1524 1328 1588 vestimentorum
1344 1545 1410 1586 um·

318 1626 403 1704 bras,
427 1626 564 1691 scabella
578 1635 611 1689 et
625 1626 733 1712 pedes,
756 1627 849 1691 etsie
869 1627 998 1691 interius
1020 1649 1093 1691 cum
1116 1627 1291 1691 minoribus
1312 1624 1410 1689 curris
1488 1622 1489 1681 l

318 1728 407 1792 senis
422 1728 561 1793 elevabis
583 1728 693 1792 leniter
707 1738 740 1792 et
753 1728 930 1813 diligenter,
953 1752 1155 1815 summopere
1169 1747 1285 1794 cavens
1301 1737 1408 1791 utnon

320 1840 483 1917 rumpatur
505 1840 560 1895 aut
581 1831 765 1917 perforetur.
810 1832 906 1907 Quod
930 1833 957 1895 si
979 1854 1019 1896 ex
1041 1830 1219 1918 ignorantia
1238 1852 1294 1894 seu
1316 1827 1409 1914 negli-

320 1934 429 2018 gentia
443 1933 621 2019 contigerit,
642 1933 704 1997 hoc
720 1934 816 1998 modo
836 1933 963 1998 solidari
984 1933 1089 1998 debet
1132 1932 1221 1997 Tolle
1236 1933 1336 2017 ipsius
1350 1928 1407 1994 auri
1488 1994 1489 2023 ἦ

319 2037 371 2100 rel
390 2035 512 2122 argenti
533 2035 704 2114 modicum,
724 2046 756 2099 et
775 2035 914 2100 admisce
935 2036 1059 2099 tertiam
1079 2045 1202 2122 partem
1221 2035 1322 2120 cupri,
1345 2033 1408 2097 fun·
1488 2048 1489 2067 t

319 2138 462 2225 deusque
477 2137 592 2223 pariter
606 2136 731 2201 limabis
746 2137 912 2218 subtiliter,
923 2138 1151 2226 combustoque
1163 2137 1286 2201 viniceo
1301 2136 1406 2223 lapide,

320 2248 353 2303 et
378 2240 487 2303 addito
513 2240 580 2305 sale
605 2240 825 2305 commiscebis
852 2262 945 2327 aqua,
976 2262 1016 2304 ex
1042 2261 1106 2327 quo
1131 2239 1268 2303 tenuiter
1293 2238 1406 2312 liniens,

322 2343 490 2407 fracturam
503 2363 709 2428 supersparge
721 2343 910 2407 limaturam.
956 2343 1031 2418 Qua
1042 2342 1161 2406 siccata
1172 2342 1279 2405 denuo
1290 2341 1404 2405 confec

321 2445 440 2508 tionem
460 2443 643 2529 superlinies
658 2444 806 2529 spissim,-
821 2454 854 2509 et
868 2446 913 2509 sic
927 2445 1056 2509 inferius
1071 2455 1103 2509 et
1117 2445 1260 2531 superius
1281 2441 1404 2507 admotis
1488 2480 1489 2485 κ

321 2547 515 2611 carbonibus
535 2546 645 2610 leniter
664 2547 766 2626 flabia,
783 2547 887 2611 donec
903 2547 1012 2611 videas
1031 2547 1237 2612 solidatorem
1257 2547 1403 2611 deffluere

323 2648 420 2723 Quod
441 2650 551 2713 videns
567 2649 676 2714 statim
691 2671 825 2735 asperge
840 2648 952 2713 leniter
965 2649 1059 2737 aqua,
1083 2649 1156 2714 etsi
1171 2651 1300 2713 firmum
1315 2648 1403 2724 fuerit,

321 2752 420 2833 bene3
451 2751 500 2815 sin
526 2762 644 2831 autem,
674 2752 780 2816 denuo
810 2750 952 2816 similiter
981 2752 1158 2838 lacusque
1187 2752 1264 2816 dum
1293 2754 1403 2815 firmum
1488 2794 1489 2797 κ

322 2856 426 2920 fuerit.
471 2853 505 2918 Si
522 2865 628 2920 autem
651 2856 790 2920 fractura
811 2855 875 2919 lata
896 2854 999 2934 fuerit,
1021 2853 1189 2940 diligenter
1209 2856 1363 2941 conjunge
1381 2851 1403 2915 ei

321 2959 510 3045 particulam
531 2959 673 3044 ejusdem
693 2959 761 3023 auri
776 2959 825 3022 vel
847 2958 970 3044 argenti
989 2957 1149 3044 aequaliter
1167 2967 1307 3035 tenuem,
1321 2975 1402 3042 quam
1479 2998 1489 3029 4

322 3061 414 3125 simili
425 3060 521 3124 modo
532 3061 694 3141 solidabis,
704 3062 808 3126 donec
817 3084 858 3125 ex
870 3060 956 3125 omni
967 3070 1056 3146 parte
1067 3058 1236 3124 adhaereat.
1274 3058 1404 3143 Cumque
1481 3080 1482 3137 3

321 3164 482 3227 elevatura
495 3162 671 3250 imaginum
691 3165 845 3251 perducta
859 3163 954 3227 fuerit
971 3161 1128 3250 usquead
1143 3161 1274 3226 subtiles
1289 3169 1404 3235 tractus,

321 3266 349 3329 si
363 3286 474 3329 aurum
497 3265 599 3347 fuerit,
622 3268 731 3331 statim
753 3267 849 3330 facies
871 3287 927 3330 eos
950 3274 983 3329 et
1003 3265 1103 3351 polies
1125 3265 1302 3351 diligenter,
1322 3273 1405 3348 atque

323 3369 480 3435 colorabis
490 3391 564 3435 cum
579 3379 756 3434 adamanta
767 3389 869 3454 usque
884 3368 926 3432 ad
941 3367 1090 3431 ruborem
1104 3367 1284 3447 combusto,
1295 3376 1327 3431 et
1340 3365 1404 3441 sule,
1482 3386 1484 3419 1

323 3482 359 3537 ut
374 3494 469 3559 supra
490 3473 633 3559 inopere
654 3471 771 3537 calicis.
817 3469 850 3533 Si
866 3491 942 3534 vero
964 3477 1115 3555 argentea
1133 3469 1227 3533 fuerit
1247 3468 1362 3546 tabula,
1380 3476 1407 3530 et

323 3574 460 3641 volueris
474 3575 508 3638 in
522 3575 598 3661 ipsis
607 3573 798 3661 imaginibus
815 3573 966 3637 deaurare
981 3593 1125 3653 coronas,
1137 3572 1279 3657 capillos,
1291 3570 1406 3645 barbas,
1488 3644 1489 3647 Ἴ

323 3688 356 3742 et
370 3687 477 3764 partes
499 3676 769 3756 vestimentorum,
792 3676 854 3740 hoo
874 3683 1000 3761 oportet
1013 3675 1081 3738 fieri
1098 3674 1324 3760 prius—quam
1343 3671 1407 3735 sub

322 3779 392 3842 tiles
410 3787 529 3842 tractus
550 3780 639 3859 liant,
661 3779 723 3843 hoc
737 3779 845 3843 modo.
891 3777 1059 3863 Compone
1079 3777 1160 3840 duas
1177 3785 1279 3863 partes
1300 3773 1408 3862 argilla
1486 3818 1487 3821 κ

323 3880 491 3965 simplices,
514 3881 668 3946 subtiliter
683 3881 774 3960 tritoe,
796 3891 829 3945 et
843 3882 968 3945 tertiam
983 3880 1069 3958 salis,
1091 3889 1124 3943 et
1138 3879 1172 3942 in
1186 3878 1313 3941 vasculo
1328 3895 1407 3940 com·

324 3981 421 4046 misce
444 4004 517 4047 carm
533 3983 600 4049 fece
622 3986 762 4049 cervisiae
782 3983 980 4059 mediocriter
998 3982 1119 4069 spissat,
1142 3981 1207 4068 qut
1221 3978 1410 4044 confectione
