3090 5174
348 514 411 575 358
697 534 891 577 rusorum
915 534 1019 577 arnna
1042 535 1096 577 nr.

348 682 492 766 desuper,
511 694 543 746 et
565 685 691 769 cooperi
712 686 832 770 argilla.
878 685 1031 772 Dumque
1051 685 1143 749 tertio
1165 685 1275 769 argilla
1296 708 1348 770 per
1366 707 1438 748 oui-

349 784 401 846 nia
423 785 515 848 fuerit
536 787 665 865 siccata,
689 787 892 873 circumpone
914 789 1032 851 ferreos
1051 788 1185 851 circulos
1206 797 1272 850 tam
1287 788 1388 865 dense,
1404 795 1441 847 ut

348 909 413 950 non
430 890 499 972 plus
513 890 594 952 iuter
609 892 689 952 duos
708 891 840 953 circulos
855 912 950 976 quam
967 891 1100 953 latitudo
1115 912 1240 967 manus,
1255 891 1364 975 quibus
1377 889 1440 951 cir-

348 989 425 1052 culis
441 990 520 1053 duas
535 991 663 1077 argillae
678 1014 866 1077 superpone.
907 990 1032 1066 Quibus
1047 991 1172 1055 siccatis
1182 1000 1329 1055 converte
1343 992 1441 1076 ipsam

351 1092 483 1156 formam
500 1094 530 1155 in
546 1095 638 1171 latua,
654 1106 685 1156 et
703 1094 735 1155 in
750 1094 889 1157 interiori
904 1094 1027 1179 argilla,
1043 1093 1145 1157 incide
1160 1093 1280 1158 fossam
1298 1114 1440 1179 magnam

351 1195 381 1256 in
398 1195 528 1258 circuitu
545 1208 577 1258 ct
591 1196 622 1258 in
639 1196 807 1281 profundo,
821 1208 857 1259 ut
873 1219 936 1258 uon
953 1206 1115 1259 remaneat
1129 1195 1261 1281 spissior
1276 1218 1339 1259 uno
1354 1195 1443 1280 pede,

351 1298 426 1383 quia
448 1299 473 1360 si
497 1299 618 1381 integra
640 1308 723 1361 esset
745 1298 847 1361 forma
869 1299 1010 1377 interius,
1030 1320 1094 1384 prae
1115 1297 1212 1362 nimio
1228 1298 1364 1383 pondere
1378 1318 1443 1359 nou

353 1399 452 1483 possit
465 1400 571 1477 levari,
589 1423 628 1464 ne
645 1422 707 1485 pra·
723 1399 924 1484 spissitudine
939 1399 1131 1487 transcoqui.

402 1989 526 2053 Deinde
538 1990 589 2055 fac
602 1992 727 2056 foveam
738 1993 770 2056 in
786 1994 857 2058 loco
871 1993 923 2056 ubi
935 1992 1070 2056 volueris
1081 1992 1183 2077 ipsam
1196 1990 1330 2054 formam
1341 1988 1444 2052 subin-

355 2102 437 2155 trare
452 2094 493 2155 ad
510 2096 754 2179 recoquendum,
769 2095 961 2181 profundam
976 2094 1153 2159 secundum
1168 2091 1363 2157 altitudinem
1380 2091 1445 2176 ejus

356 2195 386 2257 iu
399 2194 572 2274 latitudine,
583 2206 616 2259 et
626 2219 699 2260 cum
711 2197 867 2284 lapidibus
879 2207 974 2283 atque
985 2196 1096 2283 argilla
1104 2197 1155 2260 fac
1169 2196 1202 2259 in
1213 2193 1445 2259 similitudinem

358 2298 565 2377 fundamenti,
580 2301 692 2383 pedem
706 2301 830 2381 fortem,
850 2322 946 2387 supra
956 2323 1052 2388 quem
1064 2301 1166 2364 forma
1180 2299 1279 2363 stabit
1288 2297 1446 2362 altitirdine

359 2399 449 2463 unius
461 2400 560 2484 pedis,
576 2401 620 2464 ita
632 2403 709 2466 utin
723 2404 827 2468 medio
838 2403 920 2468 ultra
931 2403 1118 2467 indirectum
1131 2409 1304 2479 remaneat,
1315 2399 1446 2485 spatium

357 2502 448 2588 quasi
463 2503 525 2580 via,
541 2504 621 2588 pede
635 2514 667 2567 et
682 2506 813 2570 dimidio
828 2506 903 2586 lata,
918 2505 1030 2592 inqua
1044 2504 1154 2568 ardeat
1167 2502 1252 2589 ignis
1267 2502 1325 2566 sub
1339 2501 1447 2565 forma

359 2604 433 2679 Quo
449 2606 534 2669 facto
549 2609 674 2693 conlige
690 2607 925 2695 quatuoPligne
940 2628 1065 2672 sursum
1080 2604 1284 2692 procedentia
1297 2603 1447 2689 usquead

358 2707 570 2793 aequalitatem
584 2718 684 2788 terrae,
695 2710 790 2795 juxta
804 2711 907 2796 ipsura
922 2710 1047 2796 pedem,
1062 2717 1095 2774 et
1108 2707 1215 2773 statim
1231 2707 1314 2793 reple
1328 2707 1448 2770 foveam

358 2818 450 2874 terra.
496 2809 672 2898 Statimque
694 2812 834 2878 deduces
855 2813 957 2898 ipsam
980 2813 1115 2876 formam
1138 2820 1170 2874 et
1191 2817 1312 2873 statues
1330 2830 1400 2872 eam
1420 2809 1449 2870 in

360 2914 465 2978 medio
483 2915 642 2999 lignorum
664 2917 788 2979 illorum
811 2917 975 3004 aqualiter
995 2924 1027 2979 et
1048 2936 1088 2978 ex
1111 2934 1177 2977 una
1194 2920 1293 2997 parte,
1310 2910 1370 2974 sub
1385 2910 1449 2995 ipsa

361 3016 473 3095 forma,
488 3017 591 3102 incipe
605 3028 721 3082 terram
736 3019 858 3103 ejicere.
903 3016 1050 3103 Cumque
1065 3038 1100 3080 se
1115 3013 1319 3093 inclinaverit,
1334 3012 1450 3077 fodein

360 3128 449 3204 parte
471 3119 578 3197 altera,
597 3118 700 3182 donec
722 3142 757 3184 se
780 3142 901 3184 rursum
923 3120 985 3183 illic
1007 3117 1145 3196 inclinet,
1167 3116 1274 3202 sicque
1295 3114 1394 3179 facies
1414 3135 1450 3177 ex

361 3229 494 3308 utraque
515 3231 604 3306 parte
624 3244 790 3310 quousque
809 3224 912 3288 forma
932 3244 1027 3309 super
1047 3221 1162 3307 pedem
1177 3218 1334 3305 lapideum
1348 3239 1451 3304 anqua-

361 3325 432 3389 liter
446 3323 564 3388 sedeat.
610 3323 692 3388 Mox
714 3326 823 3411 ejectis
845 3325 949 3411 liguis,
971 3346 1043 3412 quoe
1063 3322 1105 3388 ad
1126 3322 1189 3386 hoc
1208 3321 1309 3386 solum
1329 3321 1452 3384 confixa
1515 3358 1516 3361 =

362 3427 487 3506 fuerint,
517 3435 553 3490 ut
580 3426 714 3490 formam
744 3433 828 3494 reete
857 3427 1060 3504 deducerent,
1095 3423 1329 3510 assumptisque
1357 3422 1452 3507 lapid·
1515 3420 1516 3429 ’

361 3532 433 3596 ibus
458 3529 513 3617 qui
535 3528 697 3593 flammam
721 3530 846 3615 possint
867 3530 1021 3594 sustinere
1043 3541 1139 3614 atque
1160 3526 1272 3613 argilla
1295 3525 1347 3589 fae
1368 3545 1451 3589 oren

363 3655 403 3698 ex
433 3641 565 3718 utraque
594 3640 684 3716 parte
720 3639 795 3696 aute
828 3631 904 3695 illud
934 3631 1071 3716 spatium
1102 3630 1171 3709 viae,
1201 3648 1297 3715 qnam
1326 3627 1361 3690 in
1391 3647 1452 3689 me·
1514 3616 1515 3627 ¹

363 3734 416 3798 dio
453 3733 543 3818 pedis
573 3733 734 3820 reliquisti,
764 3743 859 3820 atque
895 3734 929 3796 in
965 3731 1095 3796 circuitu
1126 3752 1256 3817 operare
1285 3730 1451 3804 fornacem,

363 3835 466 3922 spatio
497 3834 617 3897 dimidii
643 3836 733 3921 pedis
762 3858 783 3900 a
812 3837 923 3900 forma.
969 3834 1114 3921 Cumque
1150 3831 1311 3919 operando
1350 3850 1451 3917 perve-
1513 3858 1514 3873 a

363 3937 446 4001 neris
468 3935 509 3999 ad
530 3936 668 4000 medium
693 3937 812 4018 formae,
835 3960 936 4025 purga
954 3959 1042 4002 oram
1060 3935 1209 4014 fornacis,
1231 3933 1313 3998 etin
1337 3954 1394 3997 ora
1411 3934 1451 4017 ip

364 4039 429 4104 sius
450 4038 560 4101 formae
584 4060 625 4102 ex
648 4048 781 4127 utraque
806 4050 895 4126 parte
918 4041 969 4105 fac
993 4060 1092 4104 unum
1118 4038 1272 4115 foramen,
1293 4056 1351 4120 per
1371 4033 1451 4120 quod

365 4144 463 4229 adeps
488 4141 587 4227 possit
620 4141 757 4221 effluere,
785 4142 1017 4229 suppositisque
1047 4141 1140 4220 raab,
1176 4140 1282 4225 ignem
1311 4146 1347 4201 et
1375 4136 1452 4200 sicea

364 4247 450 4333 ligna
465 4242 590 4308 adhibe.
636 4242 680 4307 Et
702 4266 774 4308 cum
797 4245 951 4311 calefacta
972 4244 1075 4309 forma
1094 4242 1224 4329 coeperit
1243 4241 1342 4326 adeps
1363 4237 1451 4313 exire,

364 4350 478 4435 pertice
500 4346 581 4432 pede
603 4355 761 4432 tepentem
785 4346 945 4413 fornacem
968 4368 1068 4433 usque
1094 4346 1136 4411 ad
1158 4364 1316 4409 summum
1339 4341 1450 4416 forma,

364 4461 396 4513 et
410 4472 503 4535 super
519 4473 555 4512 ns
571 4472 669 4534 pones
685 4452 866 4535 operculum
877 4472 917 4513 ex
933 4449 1042 4534 argilla
1059 4448 1124 4513 sive
1140 4470 1179 4512 ex
1195 4447 1287 4512 ferro.
1334 4443 1450 4508 Educta
