3144 5184
327 492 334 552 l
791 513 967 555 rnrzrnrro.

377 679 606 772 Quapropter,
618 679 666 748 fili
679 679 886 761 dulcissime,
898 702 1002 770 quem
1018 677 1116 749 Deua
1127 679 1269 748 omnino
1280 679 1428 750 beatum

329 795 412 863 fecit
432 798 466 863 in
484 796 548 864 hac
568 807 674 886 parte,
693 818 762 886 qua
780 796 842 864 tibi
870 795 978 887 gratis
996 793 1201 876 offeruntur,
1222 817 1299 885 quae
1322 796 1428 866 multi

328 912 479 980 marinos
491 924 649 980 secantes
664 911 790 980 lluetus
802 935 882 980 cum
894 934 1030 981 summo
1044 911 1199 1003 periculo
1218 913 1308 993 ritae,
1323 914 1427 984 samis

329 1049 369 1094 ac
397 1027 532 1117 frigoris
562 1029 664 1096 artati
703 1029 922 1107 necessitate,
949 1036 1011 1096 aut
1046 1026 1212 1096 diuturna
1242 1028 1428 1100 doctorum

330 1143 407 1210 fessi
430 1144 609 1224 servitute,
621 1144 715 1212 omni
729 1144 904 1233 modoque
918 1143 1054 1233 fatigati
1074 1143 1230 1212 discendi
1244 1144 1430 1228 desiderio,

330 1258 539 1327 intolerabili
559 1270 677 1329 tamen
696 1260 881 1350 acquirunt
900 1257 1040 1339 labore3
1067 1258 1157 1327 hanc
1175 1258 1426 1332 Drvnasnnunr

329 1395 473 1444 nemun
490 1396 712 1446 sensuunnn
739 1377 848 1444 aridis
866 1375 1048 1444 obtutibus
1073 1377 1292 1474 concupisce,
1311 1382 1428 1450 tenaci

329 1491 498 1560 memoria
514 1492 663 1583 perlege,
681 1492 815 1560 ardenti
835 1514 953 1560 amore
971 1490 1216 1581 complectere.

379 1840 494 1922 Quam
520 1844 547 1909 si
575 1842 776 1935 diligentius
802 1844 1037 1936 perscruteris
1063 1841 1136 1912 illic
1156 1842 1315 1913 invenies
1332 1844 1430 1934 quic·

329 1957 411 2047 quid
430 1958 466 2025 in
484 1959 697 2028 diversorum
715 1961 870 2030 colorum
884 1959 1070 2053 generibus
1083 1967 1121 2028 et
1139 1958 1303 2028 mixturis
1321 1958 1430 2030 habet

329 2072 484 2157 Gracia3
510 2075 674 2166 quicquid
699 2077 734 2144 in
758 2076 953 2145 electomm
979 2076 1200 2167 operositate,
1218 2095 1281 2142 seu
1307 2073 1428 2167 nigelli

326 2192 498 2260 varietate
527 2193 624 2260 novit
648 2190 795 2273 Tuscia3
822 2192 989 2283 quicquid
1014 2189 1138 2259 ductili
1157 2189 1213 2259 vel
1241 2188 1346 2271 fusili,
1365 2212 1428 2260 seu

327 2306 512 2377 interrasili
529 2331 635 2399 opere
653 2307 837 2399 distinguit
856 2306 1006 2389 Arabia3
1031 2306 1197 2397 quicquid
1214 2306 1251 2375 iu
1264 2328 1427 2376 vasorum

328 2423 539 2503 diversitate,
575 2446 636 2491 seu
670 2446 889 2515 gemmarum
924 2424 1098 2491 ossiumve
1127 2420 1308 2513 sculptura
1343 2444 1426 2491 auro

326 2540 467 2607 decorat
486 2537 612 2618 Italia3
639 2539 804 2630 quicquid
833 2541 869 2607 in
890 2539 1123 2608 fenestrarum
1141 2538 1298 2628 pretiosa
1315 2539 1427 2608 varie·

325 2665 401 2723 tate
428 2652 542 2745 diligit
561 2652 728 2733 Francia;
753 2656 917 2747 quicquid
944 2656 980 2723 in
999 2655 1085 2735 auri,
1103 2654 1252 2745 argenti,
1270 2655 1371 2745 cupri
1389 2664 1425 2724 et

326 2771 417 2851 ferri,
444 2768 618 2861 lignorum
653 2768 878 2862 lapidumque
909 2771 1109 2842 subtilitate
1146 2768 1267 2839 sollers
1304 2769 1427 2841 laudat

331 2885 530 2955 Germania

381 3000 468 3082 Quae
498 3025 579 3071 cum
606 3025 697 3094 saepe
723 3003 887 3096 relegeris
918 3014 955 3072 ct
982 3003 1097 3072 tenaci
1126 3002 1304 3071 memoriae
1334 3025 1430 3071 com·

329 3118 558 3200 mondaveris,
588 3119 654 3188 hac
678 3120 915 3190 vicissitudine
942 3119 1180 3190 instructionis
1208 3140 1266 3187 me
1295 3139 1432 3187 reeom-

330 3235 501 3327 pensabis,
520 3244 571 3317 ut,
589 3236 726 3326 quoties
752 3235 870 3306 labore
894 3258 974 3305 meo
998 3236 1089 3305 bene
1112 3256 1196 3304 usus
1218 3232 1335 3314 fueris,
1354 3255 1432 3303 ores

328 3374 391 3444 pro
409 3374 467 3420 me
484 3352 576 3444 apud
604 3351 876 3422 misericordiam
901 3351 970 3422 Dei
994 3350 1254 3442 omnipotentis,
1273 3349 1334 3440 qui
1352 3349 1428 3430 scit,

326 3491 384 3538 me
411 3491 476 3538 nec
502 3469 663 3538 humanae
689 3467 801 3537 laudis
822 3490 950 3550 amore,
981 3490 1048 3536 nec
1066 3463 1269 3558 temporalis
1295 3464 1429 3556 praemii

329 3586 533 3677 cupiditate,
560 3608 637 3676 quae
664 3585 798 3677 digesta
821 3593 912 3665 suut,
935 3581 1187 3674 conscripsisse,
1211 3588 1274 3652 aut
1291 3581 1429 3650 invidia

329 3699 438 3767 livore
461 3701 654 3790 pretiosum
680 3700 763 3791 quid
789 3709 852 3769 aut
878 3722 994 3768 rarum
1019 3697 1243 3778 subtraxisse,
1261 3720 1324 3767 seu
1342 3697 1428 3766 mihi

329 3814 553 3904 peculiariter
574 3825 789 3885 reservatum
807 3815 1023 3897 conticuisse,
1047 3814 1109 3884 sed
1135 3815 1171 3882 in
1198 3822 1428 3906 augmentum

329 3927 470 3999 honoris
487 3939 524 3998 et
541 3929 660 4022 gloriae
683 3932 832 4001 nominis
855 3932 930 4024 ejus
950 3931 1144 4000 multorum
1161 3930 1427 4002 necessitatibus

330 4046 537 4116 succurrisse
554 4054 592 4116 et
609 4047 823 4139 profectibus
841 4047 1063 4117 consuluisse.
