3096 5168
294 511 356 574 120
651 532 841 577 rusorum
865 532 970 577 urnas
993 532 1031 575 rr.

289 679 466 768 Postquam
489 682 557 746 heac
581 684 624 747 ita
651 683 855 760 ordinaveris,
886 683 937 747 fac
959 690 1080 769 partem
1106 682 1285 746 interiorem
1311 703 1388 745 cum

288 803 378 846 muro
399 783 544 847 exteriori
562 784 595 847 in
616 786 851 851 similitudinem
869 786 998 851 fornicis
1017 786 1148 866 arcuari,
1167 784 1298 848 interius
1315 784 1391 847 alti-

287 884 396 949 tudine
411 886 534 950 modice
550 888 684 973 amplius
705 888 824 952 dimidii
844 888 945 975 pedis,
959 888 1003 952 ita
1017 896 1053 951 ut
1067 887 1211 974 superius
1225 887 1322 949 larem
1340 884 1392 947 fa-

288 985 353 1049 cias
368 988 523 1073 aequalem
540 1011 594 1075 per
609 990 726 1071 omnia,
742 1012 815 1054 cum
830 991 919 1054 labro
931 989 1095 1054 altitudine
1107 989 1201 1053 trium
1211 988 1391 1073 digitorum

289 1088 466 1154 incircuitu
489 1092 602 1177 posito,
624 1101 661 1156 ut
683 1092 834 1180 quicquid
857 1094 961 1178 operis
976 1092 1025 1156 rel
1046 1091 1260 1155 utensiliorem
1276 1111 1390 1174 super-

289 1192 414 1275 ponitur
429 1214 493 1256 non
508 1194 608 1280 possit
622 1194 744 1259 cadere.
784 1194 848 1259 Iste
864 1195 974 1259 fumus
988 1193 1102 1258 dicitur
1116 1192 1261 1257 clibanus
1273 1191 1393 1277 operis.

654 1822 883 1922 CAPUT
942 1826 1013 1921 ΙΙ.

631 2079 676 2122 DB
698 2079 814 2125 FURNO
838 2080 1046 2125 asseramur.

368 2257 426 2322 ΑΟ
448 2268 482 2323 et
501 2260 598 2325 alium
622 2262 758 2344 furnum,
779 2265 974 2351 longitudine
995 2286 1015 2327 x
1036 2262 1154 2350 pedum
1175 2270 1208 2326 et
1222 2259 1396 2328 latitudine

367 2383 444 2441 vrrr,
458 2363 624 2429 altitudine
637 2388 713 2430 vero
728 2387 775 2432 ιν.
822 2367 908 2431 Hinc
929 2367 1026 2431 fseies
1048 2365 1082 2429 in
1103 2386 1168 2429 una
1185 2364 1289 2428 fiante
1304 2364 1397 2430 fom-

291 2483 364 2525 men
379 2463 420 2526 sd
436 2465 628 2551 imponenda
642 2468 728 2555 ligna
743 2479 776 2532 et
789 2468 907 2555 ignem,
922 2478 965 2549 et,
974 2467 1008 2531 in
1019 2468 1116 2531 latere
1126 2488 1202 2546 uno,
1214 2465 1396 2531 fenestram

290 2563 383 2629 unius
405 2567 495 2651 pedis
517 2569 559 2632 nd
581 2570 797 2656 inponendum
813 2580 846 2635 et
859 2570 1049 2658 ejiciendum
1064 2568 1150 2657 quod
1172 2569 1396 2634 necessarium

291 2665 394 2745 fuerit,
409 2677 442 2731 et
456 2669 553 2733 larem
568 2672 698 2736 interius
719 2674 844 2737 firmam
865 2682 899 2737 et
919 2672 1084 2761 oequalem.
1132 2671 1197 2735 Iste
1213 2670 1324 2735 furnus
1338 2671 1396 2735 di·

290 2765 372 2830 eitur
385 2768 529 2834 clibanus
544 2772 703 2858 refrigerii.

641 3407 873 3504 CAPUT
929 3407 1040 3504 Ill.

422 3655 469 3698 DE
492 3653 605 3700 BURRO
629 3651 819 3697 nitasuram
843 3652 886 3697 ΕΤ
908 3651 1100 3698 ΠΊἜΝΒΙῙᾸῙΒ
1122 3651 1253 3696 OPERIS.

367 3818 502 3883 AClES
529 3821 626 3885 etiam
650 3820 775 3885 furnum
801 3819 929 3885 tertium
953 3819 1151 3906 longitudine
1175 3818 1292 3905 pedum
1317 3840 1393 3901 sex,

367 3921 532 3986 latitudine
555 3932 702 4009 quatuor,
728 3923 894 3987 altitudine
922 3923 1029 4002 trium,
1052 3931 1085 3986 et
1108 3922 1251 3985 foramen
1281 3920 1394 3986 fenes-

290 4033 435 4110 tramque
450 4032 483 4088 et
496 4024 595 4088 larem
610 4027 692 4090 sicut
706 4025 858 4111 superius.
903 4024 966 4089 Hic
988 4026 1099 4088 furnus
1113 4024 1228 4088 dicitur
1241 4022 1394 4090 clibanus

158 4199 165 4214 .
289 4127 445 4192 dilatandi
465 4138 499 4192 et
519 4128 685 4215 aequandi5
708 4128 854 4192 utensilia
867 4150 942 4192 vero
964 4128 1006 4192 ed
1028 4126 1186 4213 hocopus
1207 4124 1395 4191 necessaria

291 4239 366 4295 sunt
379 4230 486 4295 fistula
501 4230 601 4295 ferrea
623 4230 821 4318 longitudine
842 4232 977 4296 duamm
999 4231 1157 4310 ulnarum,
1171 4229 1392 4315 grossitudine

290 4332 413 4420 pollicis
427 4334 530 4415 unius,
546 4335 680 4422 forcipes
695 4335 759 4399 duo
774 4334 807 4398 in
826 4355 891 4398 una
912 4342 1002 4420 parte
1024 4332 1098 4397 ferri
1119 4331 1269 4418 percussi,
1284 4332 1391 4423 trullae

289 4436 399 4502 ferreae
414 4438 486 4502 duae
500 4446 595 4525 atque
610 4436 672 4501 alia
686 4436 792 4524 lignea
805 4445 838 4501 et
850 4436 962 4517 ferrea,
977 4457 1049 4522 quae
1064 4433 1208 4499 volueris.
