3090 5174
353 527 417 587 370
709 544 901 588 unsaraim
927 545 1030 588 arasa
1052 545 1106 589 ru.

357 696 527 778 lomagna
549 694 748 779 providentia
770 696 888 759 habeat
910 708 954 775 nt,
977 699 1162 783 priusquam
1185 695 1305 784 aliquid
1321 698 1439 782 cymba·

354 799 417 861 lum
438 798 599 876 fundatur,
622 808 771 882 stagnum
796 821 869 863 cum
892 822 990 885 cupro
1014 800 1192 879 misceatur,
1207 809 1244 863 ut
1262 810 1377 862 rectum
1396 822 1440 862 so-

354 922 430 961 num
453 900 579 963 habeat.
626 900 721 974 Quod
746 903 772 964 ai
797 903 886 967 aliter
913 902 1021 966 fecerit
1045 924 1109 966 non
1131 903 1262 966 veniunt
1284 901 1326 965 ad
1347 910 1438 965 tonos.

354 1003 475 1078 Quinta
498 1012 554 1065 aut
576 1012 667 1066 sexta
690 1026 761 1088 pars
788 1003 883 1068 debet
907 1027 976 1068 esse
998 1015 1157 1090 stagnum,
1180 1013 1350 1090 utrumque
1370 1002 1439 1065 bene

354 1105 552 1190 purificatum
589 1105 770 1191 priusquam
806 1108 1029 1191 permiscentur
1065 1116 1101 1169 ut
1135 1107 1218 1170 clare
1249 1112 1369 1169 sonent
1411 1102 1439 1165 Si

352 1216 456 1269 autem
483 1206 552 1270 fusa
577 1207 723 1292 cymbala
748 1208 852 1271 minus
876 1214 961 1272 recte
986 1207 1157 1285 sonuerint,
1180 1206 1242 1271 hoc
1268 1205 1440 1269 emendetur

353 1309 428 1373 lima
444 1311 491 1372 vel
508 1310 622 1394 lapide.

621 1784 852 1880 CAPUT
910 1784 1189 1880 LXXXVL

696 2002 742 2044 DE
764 2002 935 2047 cinnama
958 2003 1106 2047 mumma.

356 2158 642 2308 FACTURUS
669 2161 827 2245 cymbala,
854 2162 989 2246 primum
1013 2161 1121 2247 aquire
1147 2159 1203 2224 tibi
1230 2156 1388 2222 lectionem
1408 2162 1438 2215 et

451 2261 626 2324 secundum
642 2261 727 2347 quod
744 2263 886 2325 docuerit
900 2264 1033 2327 formam
1050 2264 1157 2339 facito,
1172 2270 1269 2347 atque
1283 2278 1382 2323 ceram
1393 2253 1437 2316 di·

353 2363 486 2447 ligenter
500 2363 651 2448 pondera.
697 2363 802 2438 Quas¹
820 2386 892 2427 cum
909 2364 1036 2445 fuderis,
1052 2364 1133 2429 sicut
1148 2385 1244 2450 supra
1259 2363 1374 2426 dictum
1387 2366 1436 2432 est
1516 2434 1517 2437 Ἴ

353 2465 378 2528 si
394 2465 469 2551 quid
486 2488 542 2551 per
557 2467 781 2551 negligentiam
793 2468 842 2530 vel
857 2467 1010 2532 incuriam
1025 2470 1065 2533 de
1080 2468 1221 2555 equitate
1237 2476 1377 2530 tonorum
1390 2460 1437 2523 de·

353 2566 454 2644 suerit,
475 2568 621 2652 corriges.
668 2566 702 2630 Si
716 2568 852 2633 volueris
874 2571 1055 2655 cymbalum
1079 2571 1173 2635 altius
1195 2569 1322 2647 habere,
1343 2566 1373 2630 in
1390 2583 1437 2626 ora
1515 2618 1516 2655 Ξ

353 2668 480 2734 inferius
496 2669 631 2749 limabis,
647 2669 672 2733 si
689 2692 764 2735 vero
779 2669 939 2753 humilius,
954 2674 1035 2738 circa
1053 2695 1142 2738 oram
1158 2672 1191 2736 in
1205 2671 1347 2736 circuitu.

586 3142 825 3240 CAPUT
888 3143 1219 3241 LXXXVIL

684 3364 731 3406 DE
752 3362 925 3407 susumus
946 3362 1118 3407 suanam.

359 3513 493 3668 FAC
508 3513 565 3578 tibi
580 3513 662 3577 duos
685 3513 783 3575 ferros
802 3510 1000 3595 longitudine
1016 3532 1128 3575 manus
1143 3521 1176 3575 et
1191 3512 1316 3578 modice
1331 3510 1435 3599 gracili·
1511 3526 1512 3537 ¹

455 3638 525 3681 ores
540 3616 672 3679 minimo
687 3613 798 3700 digito,
814 3613 870 3699 qui
891 3622 966 3677 sunt
987 3613 1020 3677 in
1039 3636 1102 3678 una
1116 3623 1206 3700 parte
1221 3615 1399 3701 grossiores,
1411 3613 1434 3674 in

356 3719 454 3782 altera
469 3718 650 3782 summitate
661 3715 821 3781 deductim
833 3715 1024 3801 graciliores,
1040 3726 1075 3780 ut
1090 3718 1212 3802 possint
1226 3740 1267 3782 ex
1282 3718 1381 3783 forma
1391 3716 1435 3778 de·

356 3821 447 3900 duci;
469 3821 671 3906 habeantque
685 3820 717 3884 in
733 3819 884 3905 grossiori
899 3830 988 3905 parte
1003 3820 1121 3884 caudas
1135 3830 1258 3901 tenues,
1274 3831 1310 3885 ut
1323 3817 1434 3906 singulis

356 3921 529 3986 manubriis
546 3924 781 4008 contingantur,
799 3944 871 4009 quae
894 3922 1059 3987 manubria
1081 3923 1144 3986 sint
1164 3924 1319 4002 rotunda3
1343 3931 1373 3986 et
1391 3920 1434 3983 ha·

357 4024 453 4088 beant
475 4024 507 4087 in
530 4026 629 4088 altere
649 4025 830 4088 summitate
853 4024 964 4089 breves
986 4025 1094 4090 elavos
1114 4025 1278 4104 rotundos,
1290 4025 1323 4087 in
1338 4022 1434 4111 quibus

352 4127 474 4213 ¹tornari
486 4127 617 4213 possint.
655 4127 717 4190 His
733 4126 821 4190 serris
832 4127 1036 4212 circumpone
1047 4127 1202 4213 argillam,
1217 4127 1319 4212 primd
1330 4144 1434 4213 parum,

355 4229 470 4293 deinde
485 4228 620 4314 amplius
635 4230 810 4294 secundum
827 4229 1077 4316 magnitudinem
1088 4250 1185 4316 quam
1197 4230 1340 4294 volueris.
1375 4222 1434 4301 Qut

354 4332 474 4398 siccatd
490 4333 539 4396 fac
555 4333 761 4397 tomatorium
777 4340 867 4395 tuum
883 4332 995 4395 eodem
1007 4331 1103 4396 modo
1119 4353 1183 4417 quo
1199 4339 1361 4395 tornantur
1374 4347 1433 4391 scu·

883 4480 967 4543 'quat
