3018 5170
299 460 362 522 324
657 477 847 520 rurornrrr
875 476 979 520 ursan
1003 476 1057 520 rrr.

298 652 370 694 sura
393 631 425 692 in
447 652 485 693 eo
508 630 558 708 sit,
580 653 651 716 quae
673 652 756 715 saepe
779 629 969 714 contingunt
990 650 1030 691 err
1054 628 1185 706 incuria,
1208 628 1274 692 sive
1294 625 1387 711 negli-

300 731 406 817 gentia
418 733 467 795 vel
480 731 658 817 ignorantia
669 741 725 795 aut
736 731 858 795 inscitia
873 732 1045 808 fundentia,
1060 753 1132 795 curn
1149 739 1205 794 aut
1217 729 1307 793 nimis
1319 726 1388 790 cali·

301 835 388 912 dum,
404 844 459 897 aut
474 835 565 897 nimis
586 834 744 919 frigidum,
767 844 825 897 aut
843 834 938 896 nimis
958 832 1118 910 festinato,
1137 841 1194 897 aut
1216 831 1308 895 nimis
1323 850 1389 914 pro·

301 937 422 1000 ductim
442 937 621 1000 effunditur.
667 935 813 1023 Cumque
833 935 1032 1000 considerate
1055 944 1087 998 et
1108 941 1201 1000 caute
1220 933 1344 1009 fuderis,
1364 931 1389 994 si

301 1038 482 1124 hujusmodi
498 1039 608 1101 vitium
629 1039 660 1101 in
675 1061 713 1102 eo
729 1034 984 1124 deprehenderis,
1000 1059 1073 1101 cum
1088 1037 1171 1101 ferro
1187 1036 1228 1100 ad
1244 1035 1304 1098 hoc
1318 1042 1391 1118 apto

303 1138 470 1225 diligenter
495 1138 636 1218 effodies,
667 1140 692 1203 si
722 1139 835 1225 possis.
882 1138 979 1215 Quod
1003 1139 1029 1202 si
1055 1148 1151 1203 tantae
1176 1135 1392 1224 profunditatis

305 1242 409 1305 vesica
428 1242 493 1304 sive
515 1242 628 1305 fissura
648 1242 750 1320 luerit,
771 1251 807 1304 ut
828 1240 967 1306 effodere
990 1263 1055 1305 non
1076 1241 1191 1327 possis,
1213 1260 1392 1324 rursumque

304 1344 464 1429 oportebit
478 1353 508 1404 te
525 1343 665 1421 fundere,
681 1356 713 1407 et
735 1343 855 1406 tamdiu
871 1343 974 1406 donec
990 1366 1103 1407 sanum
1118 1345 1168 1407 sit.
1214 1342 1310 1418 Quod
1326 1362 1392 1404 cunr

305 1445 408 1523 fuerit,
430 1445 569 1529 provide,
596 1457 631 1508 ut
652 1446 784 1509 incudes
806 1456 838 1509 et
861 1444 965 1508 mallei
989 1445 1033 1508 tui
1056 1446 1187 1509 omnino
1209 1444 1345 1531 aequales
1365 1450 1394 1505 et

306 1546 395 1631 politi
411 1547 482 1625 sint,
498 1569 569 1610 cunr
586 1547 701 1633 quibus
725 1546 848 1632 operari
870 1546 978 1625 debes,
1001 1556 1034 1610 et
1049 1547 1135 1610 omni
1151 1546 1313 1631 diligentia
1328 1566 1394 1631 pro·

306 1671 393 1726 cura,
408 1658 444 1711 ut
458 1649 565 1713 tabula
579 1670 675 1712 aurea
690 1649 738 1711 vel
755 1659 904 1734 argentea
919 1648 964 1711 ita
979 1647 1140 1735 aequaliter
1155 1669 1195 1712 ex
1212 1648 1298 1712 omni
1314 1656 1394 1732 parte

308 1762 495 1829 attenuetur,
511 1760 546 1814 ut
567 1751 600 1814 in
623 1752 709 1815 nullo
733 1752 804 1814 loco
823 1751 954 1837 spissius
970 1749 1012 1813 sit
1026 1772 1122 1837 quam
1138 1749 1171 1813 in
1186 1749 1259 1813 alio.
1303 1747 1395 1811 Cum·

308 1874 370 1937 que
393 1853 438 1915 sic
460 1862 623 1916 attenuata
644 1852 739 1916 fuerit
762 1862 798 1916 ut
819 1852 934 1938 unguis
949 1853 1003 1916 vix
1024 1850 1185 1939 inpressus
1199 1861 1395 1938 apparenter

308 1957 406 2019 altera
429 1967 527 2041 parte,
549 1965 582 2020 et
603 1956 733 2019 omniuo
756 1956 933 2036 sanissima,
956 1955 1064 2021 statim
1084 1957 1231 2043 pertrahe
1250 1955 1396 2043 imagines

309 2059 395 2145 quod
412 2059 555 2136 volueris,
572 2059 745 2121 secundum
761 2059 867 2123 libitos
883 2070 964 2123 tuos
1010 2059 1182 2124 Pertrahes
1197 2070 1303 2124 autem
1318 2060 1349 2122 in
1363 2079 1397 2122 ea

310 2169 407 2244 parte,
423 2182 494 2245 quae
513 2160 618 2223 sanior
640 2170 672 2223 et
693 2160 837 2225 decorior
852 2162 986 2241 videtur,
1008 2162 1119 2226 leniter
1141 2173 1249 2227 tamen
1264 2172 1297 2227 et
1310 2164 1353 2226 sic
1366 2170 1398 2224 ut

311 2282 350 2323 ex
373 2261 471 2324 altera
494 2271 581 2348 parte
605 2262 727 2326 rnodice
750 2274 911 2349 appareat.
958 2265 1084 2329 Deinde
1106 2288 1180 2330 cum
1203 2267 1286 2331 serro
1308 2285 1396 2330 curro

312 2369 391 2430 bene
407 2367 505 2451 polito
522 2367 648 2430 fricabis
669 2368 779 2430 leniter
793 2378 889 2455 caput
909 2368 1071 2454 imprimis,
1092 2369 1179 2454 quod
1203 2369 1296 2432 altius
1312 2367 1399 2432 debet

312 2491 398 2547 esse,
422 2470 530 2556 sicque
550 2480 736 2534 convertens
754 2469 896 2534 tabulam
917 2469 949 2533 in
972 2478 1058 2534 recta
1077 2477 1166 2555 parte
1182 2469 1309 2534 fricabis
1322 2469 1398 2533 circa
1474 2522 1475 2527 ,

311 2581 453 2657 caputet
468 2594 539 2635 cum
559 2572 640 2636 ferro
656 2572 770 2659 oequali
792 2581 824 2636 et
843 2572 952 2658 polito,
973 2572 1017 2636 ita
1037 2580 1073 2635 ut
1087 2593 1220 2657 campus
1234 2571 1398 2636 descendat

312 2684 344 2738 et
359 2682 454 2760 caput
471 2674 620 2753 elevetur,
640 2683 673 2738 et
693 2674 799 2738 statim
819 2674 904 2738 circa
921 2684 1018 2761 caput
1037 2696 1111 2738 cum
1127 2675 1241 2738 malleo
1256 2671 1399 2738 mediocri
1473 2722 1474 2725 ,

313 2799 407 2864 super
420 2777 568 2842 incudem
583 2776 739 2862 percuties
761 2775 883 2857 leniter,
905 2777 1014 2864 sicque
1032 2798 1140 2840 coram
1155 2776 1284 2841 fornace
1298 2797 1399 2861 super·
1473 2802 1474 2839 r

314 2880 425 2967 positis
448 2879 641 2944 carbonibus
665 2879 697 2942 in
723 2879 792 2965 ipso
818 2879 889 2944 loco
914 2900 1077 2966 recoques,
1103 2877 1205 2941 donec
1227 2878 1399 2941 candescat

315 2981 390 3056 Quo
416 2981 500 3044 facto
525 2990 556 3043 et
581 2981 691 3044 tabula
715 3004 770 3067 per
794 3003 828 3045 se
852 2980 1046 3066 refrigerata,
1072 2981 1186 3044 iterum
1209 2980 1241 3044 in
1263 2980 1400 3045 inferiore
1472 3030 1473 3079 ,

313 3092 402 3168 parte
428 3104 501 3146 cum
526 3104 625 3146 curvo
649 3082 731 3148 ferro
757 3082 884 3147 fricabis
908 3083 1019 3147 leniter
1043 3093 1075 3147 et
1097 3083 1264 3169 diligenter
1289 3084 1400 3148 fossam
1472 3084 1473 3109 ³

314 3185 425 3271 capitis
454 3185 593 3263 interius,
623 3194 873 3272 convertensque
905 3185 1047 3249 tabulam
1078 3185 1111 3247 in
1140 3185 1293 3271 superiori
1321 3196 1400 3273 parte

313 3290 419 3353 denuo
434 3310 507 3353 cum
522 3287 636 3375 oequali
652 3288 734 3352 ferro
750 3287 887 3365 fricabis,
903 3296 935 3350 et
949 3286 1089 3372 depones
1104 3308 1252 3373 eampum
1267 3298 1305 3351 nt
1320 3307 1401 3350 mou·
1471 3296 1472 3321 ³

314 3391 428 3456 ticulus
443 3392 580 3455 elevetur
595 3389 718 3476 capitis,
741 3410 927 3475 rursumque
942 3409 1016 3452 cum
1033 3389 1147 3453 malleo
1161 3390 1314 3455 mediocri
1327 3389 1401 3454 cirea

316 3494 420 3580 ipsum
441 3492 551 3557 leniter
571 3491 759 3578 percutiens,
779 3490 933 3577 appositis
950 3491 1142 3556 carbonibus
1156 3514 1327 3578 recoques;
1347 3491 1400 3554 sic·

318 3618 380 3683 que
404 3617 487 3680 saepe
511 3594 619 3673 facies,
640 3592 806 3679 diligenter
831 3592 984 3657 elevando
1006 3592 1136 3658 interius
1157 3604 1189 3658 et
1211 3595 1402 3672 exterius,et
1470 3604 1471 3607 ’

317 3696 428 3761 crebro
444 3695 657 3782 percutiendo,
682 3693 860 3780 totiensque
882 3693 1083 3781 recoquendo
1102 3695 1207 3760 donec
1221 3693 1402 3759 monticulus

317 3798 368 3862 ille
384 3798 517 3861 ducatur
537 3797 577 3860 ad
599 3796 798 3861 altitudinem
815 3795 910 3860 trium
927 3794 1098 3882 digitorum
1113 3806 1169 3861 aut
1182 3806 1330 3885 quatuor,
1344 3795 1403 3860 sire

318 3901 388 3987 plus
404 3899 454 3962 vel
472 3899 577 3962 minus
600 3897 775 3963 secundum
794 3897 1006 3986 quantitatem
1025 3897 1210 3985 imaginum.
1254 3897 1291 3963 Si
1306 3906 1403 3962 autern

317 4003 422 4090 ipsum
447 4023 560 4066 aurum
582 4002 630 4065 vel
653 4008 818 4088 argentum
846 4000 952 4065 adhuc
975 4000 1173 4087 aliquantum
1197 4000 1328 4087 spissius
1352 4006 1403 4075 est,
