3166 5190
291 535 350 596 152
652 554 842 597 ranorum
871 556 974 598 nisan
997 556 1034 596 11.

286 707 384 768 altero
408 705 518 790 quadri
542 714 573 766 et
596 707 715 768 recurvi
734 707 870 791 penitus,
893 708 933 769 ita
958 716 993 768 ut
1017 707 1158 769 foramen
1181 715 1334 791 appareat
1348 705 1381 768 in

288 807 402 869 medin.
450 807 574 869 Deinde
595 808 703 893 accipe
718 809 832 871 vitrum
856 809 975 893 pictum
998 816 1030 870 et
1044 818 1170 871 coctum
1186 818 1218 871 et
1234 830 1316 893 pone
1331 831 1382 871 se·

287 909 426 972 cundum
443 909 585 971 ordinem
604 910 634 972 in
659 911 756 973 altera
777 921 864 996 parte
885 910 1000 973 tabula
1014 909 1068 972 ubi
1084 910 1171 972 nulla
1185 919 1234 973 est
1247 910 1381 994 pictura.

288 1011 369 1074 Post
390 1010 457 1073 haec
480 1013 554 1075 tolle
577 1022 672 1096 caput
694 1012 785 1075 utrius
807 1011 963 1096 imaginis,
986 1020 1017 1074 et
1039 1011 1288 1075 circumvolvens
1305 1012 1382 1075 illud

286 1114 416 1197 plumbo
440 1135 555 1198 repone
579 1114 746 1198 diligenter
769 1115 800 1175 in
823 1135 880 1177 suo
903 1114 986 1194 loco,
1008 1124 1040 1177 et
1062 1113 1245 1200 circumfige
1266 1115 1295 1178 ei
1318 1123 1382 1179 tres

287 1218 393 1278 clavos
408 1238 481 1278 cum
497 1217 611 1279 malleo
632 1217 672 1279 ad
694 1217 755 1281 hoc
776 1238 856 1301 opus
876 1227 963 1303 apto,
986 1216 1162 1302 adjungens
1183 1217 1210 1279 ei
1225 1227 1337 1302 pectus
1350 1230 1384 1282 et

289 1322 416 1385 brachia
431 1344 469 1385 ac
485 1322 604 1406 reliqua
619 1323 808 1385 vestimenta
817 1348 825 1403 ς
849 1332 881 1386 et
895 1344 1130 1409 quamcumque
1145 1331 1266 1407 partem
1282 1323 1382 1386 stabi·

287 1424 379 1502 lieris,
401 1425 555 1487 confirma
577 1446 648 1487 eam
672 1424 808 1487 exterius
832 1425 940 1501 clavis,
956 1447 996 1488 ne
1012 1435 1175 1488 moveatur
1190 1446 1209 1487 a
1224 1447 1282 1488 suo
1297 1425 1382 1487 loco.

286 1526 375 1589 Tunc
391 1526 509 1590 habeas
524 1526 640 1589 serrum
657 1526 886 1604 solidatorium,
901 1528 987 1612 quod
1003 1527 1044 1590 sit
1058 1528 1190 1611 longum
1206 1535 1238 1589 et
1252 1526 1382 1611 gracile,

285 1631 317 1691 in
334 1630 513 1692 summitate
529 1652 603 1691 vero
627 1650 771 1712 grossum
791 1651 828 1691 ac
850 1629 1033 1707 rotundum,
1051 1629 1127 1692 etin
1143 1650 1267 1691 summo
1282 1628 1383 1712 ipsius

287 1731 487 1794 rotunditatis
503 1732 674 1794 deductum
690 1742 722 1795 et
744 1733 871 1817 gracile,
886 1733 1028 1795 limatum
1045 1742 1077 1795 et
1092 1740 1381 1817 superstannatum,

286 1843 483 1918 ponaturque
499 1833 530 1894 in
546 1834 664 1917 ignem.
710 1834 841 1897 Interim
856 1835 964 1920 accipe
979 1835 1118 1898 calamos
1133 1843 1282 1918 stagneos
1298 1854 1382 1918 quos

286 1935 404 2012 fudisti,
420 1945 451 1997 et
467 1935 619 2019 perfunde
635 1958 690 1999 eos
705 1936 778 1999 cera
791 1958 831 1999 ex
846 1945 980 2021 utraque
991 1946 1090 2022 parte,
1103 1945 1135 1999 et
1146 1935 1260 1998 radens
1275 1935 1381 2018 plum-

286 2038 361 2101 bum
377 2037 409 2098 in
425 2037 588 2121 superficie
610 2059 666 2121 per
688 2039 795 2100 omnia
818 2038 900 2116 loca,
915 2061 985 2124 quae
1006 2037 1171 2102 solidanda
1186 2043 1270 2099 sunt.
1316 2036 1382 2097 Ac·

285 2149 377 2225 cepto
393 2139 475 2203 ferro
490 2140 592 2203 calido
607 2162 732 2225 appone
748 2141 775 2203 ei
792 2136 950 2225 stagnum,
966 2140 1208 2225 inquocumque
1222 2139 1292 2200 loco
1309 2137 1382 2199 duae

285 2252 390 2325 partes
405 2239 525 2325 plumbi
542 2240 743 2319 conveniunt,
758 2251 877 2305 etcum
894 2242 975 2306 ferro
986 2242 1076 2305 linies
1088 2242 1189 2306 donec
1201 2241 1259 2305 sibi
1271 2240 1382 2304 adhae-

285 2352 384 2405 reant.
431 2343 564 2406 Statutis
580 2365 654 2405 vero
669 2343 860 2428 imaginibus
875 2344 987 2407 eodem
1004 2344 1099 2408 modo
1115 2344 1276 2408 ordinabis
1290 2365 1381 2406 cam·

284 2463 343 2526 pos
367 2445 592 2531 cujuscumque
618 2445 732 2508 coloris
754 2446 899 2524 volueris,
924 2455 956 2508 et
983 2446 1028 2508 sic
1053 2444 1263 2530 particulatim
1290 2467 1382 2508 com·

285 2566 385 2629 pones
410 2546 579 2609 fenestram
609 2557 706 2609 tuam.
754 2547 899 2610 Perfecta
923 2570 996 2611 vero
1027 2549 1163 2611 fenestra
1191 2556 1224 2610 et
1253 2548 1286 2610 in
1315 2569 1382 2611 uno

285 2646 381 2708 latere
404 2648 548 2723 solidata,
573 2670 758 2712 conversam
782 2652 813 2713 in
841 2650 924 2713 aliud
953 2650 1045 2713 simili
1068 2650 1164 2714 modo
1186 2650 1326 2713 radendo
1348 2659 1384 2713 et

286 2747 451 2811 solidando
467 2748 607 2811 firmabis
622 2773 679 2834 per
693 2752 809 2815 omnia.

551 3477 780 3575 claui*
840 3422 1107 3573 xxviii.

482 3714 528 3757 DE
551 3714 683 3757 autema
708 3713 806 3757 Proto
829 3713 932 3757 VITRO
957 3711 1180 3756 meonssnms.

321 3877 360 3940 'N
383 3876 573 3961 imaginibus
589 3898 664 3940 vero
679 3876 887 3941 fenestrarum
908 3878 935 3941 si
950 3876 1084 3940 volueris
1103 3875 1136 3938 in
1157 3874 1312 3954 cmcibus,
1332 3877 1382 3938 vel

365 3978 398 4041 in
428 3978 525 4055 libris,
552 3987 607 4042 aut
635 3978 667 4040 in
698 3988 812 4042 ornatu
837 3980 1109 4057 vestimentorum,
1135 3999 1231 4061 super
1260 3977 1381 4060 pictum

284 4084 399 4147 vitrum
421 4101 565 4166 gemmas
588 4079 691 4144 facere
714 4080 841 4145 alterius
861 4081 975 4145 coloris
995 4080 1115 4166 absque
1135 4079 1276 4165 plumbo,
1292 4078 1383 4141 vide-

284 4187 358 4251 licet
379 4184 530 4248 iacinctus
552 4191 584 4246 et
606 4184 802 4269 smaragdos,
826 4183 887 4248 hoc
909 4184 1005 4247 modo
1028 4204 1117 4268 agas.
1163 4180 1246 4244 Cum
1269 4180 1382 4244 seceris

286 4310 395 4355 cruces
424 4287 457 4349 in
486 4285 550 4349 suis
577 4285 655 4350 locis
681 4286 713 4349 in
740 4286 842 4371 capite
869 4284 1054 4370 majestatis,
1081 4294 1137 4346 aut
1163 4282 1288 4359 librum,
1314 4282 1383 4345 sive

287 4398 472 4460 ornamenta
486 4390 518 4453 in
534 4391 597 4452 fine
612 4388 756 4465 vestium,
772 4410 842 4473 quae
862 4389 894 4451 in
916 4387 1036 4473 pictura
1057 4387 1137 4449 fiunt
1156 4400 1195 4448 ex
1216 4405 1293 4447 auro
1313 4383 1383 4447 sive

286 4520 325 4561 ex
341 4494 583 4580 auripigmento,
598 4491 666 4554 haec
686 4490 719 4553 in
740 4489 881 4553 fenestris
902 4490 980 4553 liant
999 4511 1037 4551 ex
1059 4509 1171 4553 croceo
1188 4486 1267 4550 vitro
1283 4486 1381 4549 claro.
