3166 5190
607 568 649 608 Til
655 566 795 610 EOPHlLl
823 570 926 612 mmm
951 572 987 613 ll.

576 839 807 935 CAPUT
866 842 1018 937 xxi

576 1066 620 1106 DE
645 1067 842 1110 FUNDENDIS
865 1068 1024 1111 cunnum.

331 1218 412 1283 OST
427 1220 493 1283 lraec
518 1222 567 1285 sac
590 1223 646 1286 tibi
669 1223 766 1286 larem
789 1225 842 1288 nbi
867 1225 1030 1311 plumbum
1047 1226 1172 1304 fundas,
1189 1226 1267 1289 etin
1283 1228 1351 1289 lare

331 1323 450 1386 fossam
468 1324 582 1409 inquo
602 1306 702 1409 polias
722 1335 839 1389 testem
860 1328 931 1391 ollae
953 1349 1115 1413 magnam,
1138 1349 1234 1413 quarn
1257 1327 1351 1390 linies

252 1426 382 1488 interius
401 1435 432 1488 et
454 1426 590 1489 exterius
608 1428 718 1512 argillis
735 1450 807 1492 cum
828 1431 905 1493 fimo
928 1430 1089 1494 maceratis
1108 1441 1143 1493 ut
1163 1430 1282 1493 firmior
1297 1431 1351 1505 sit,

254 1537 286 1590 et
312 1549 406 1612 super
429 1550 499 1592 eam
526 1530 682 1594 accendes
707 1531 813 1614 ignem
838 1533 1013 1617 copiosum.
1060 1531 1205 1618 Cumque
1229 1532 1351 1595 siccata

254 1630 357 1708 fuerit,
373 1653 455 1714 pone
471 1632 636 1717 plumbum
648 1655 742 1717 super
755 1633 861 1717 ignem
877 1633 960 1697 intra
974 1643 1100 1713 testam,
1116 1644 1151 1697 ut
1162 1656 1235 1697 cum
1251 1634 1352 1719 lique-

255 1732 373 1796 factum
397 1732 489 1796 fuerit
510 1733 589 1797 fluat
611 1735 643 1797 in
666 1752 746 1798 eam.
795 1735 925 1799 Interim
945 1736 1087 1821 aperiens
1104 1735 1220 1799 ferrum
1235 1735 1351 1798 calami

256 1858 338 1920 pone
353 1858 447 1921 super
461 1837 626 1915 carbones,
641 1846 677 1900 nt
691 1836 829 1900 calidum
848 1838 914 1916 fiat,
929 1846 961 1901 et
976 1838 1095 1902 habeas
1108 1838 1230 1923 lignum
1246 1838 1353 1922 lougi-

256 1937 374 2000 tudinis
397 1937 489 2001 unius
511 1939 604 2017 ulnae,
627 1939 713 2024 quod
737 1939 777 2002 sit
799 1939 832 2001 in
852 1940 1052 2027 suocapite,
1076 1963 1141 2026 quo
1161 1962 1257 2004 manu
1279 1949 1352 2003 ten-

256 2041 367 2119 ebitur,
383 2041 563 2119 rotundum,
578 2040 610 2102 in
622 2042 722 2104 altero
733 2064 807 2104 vero
819 2042 948 2125 planum
960 2052 992 2104 et
1003 2044 1101 2106 lutum
1114 2041 1155 2105 ed
1167 2063 1351 2106 mensuram

257 2152 392 2229 quatuor
410 2142 591 2229 digitorum,
609 2142 665 2206 ubi
682 2143 839 2207 incidatur
856 2143 887 2205 in
909 2153 1088 2208 transverso
1110 2144 1259 2230 usquein
1281 2166 1352 2207 me-

257 2248 343 2310 dium
367 2246 540 2310 secuudum
563 2243 761 2308 latitudinem
784 2245 866 2322 ferri,
890 2245 921 2308 in
943 2267 1040 2331 qnam
1062 2246 1231 2310 incisuram
1245 2246 1352 2332 ipsum

257 2352 373 2414 ferrum
396 2348 532 2412 calidum
555 2356 587 2411 et
611 2348 643 2410 in
666 2369 700 2411 se
722 2349 865 2411 clausum
889 2369 999 2433 pones,
1022 2357 1054 2411 et
1076 2349 1121 2412 ita
1142 2350 1174 2411 in
1199 2347 1354 2434 superiori

259 2464 346 2538 parte
362 2474 457 2516 manu
475 2450 636 2515 modicum
658 2448 776 2515 reflexis
797 2449 928 2527 tenebis,
952 2459 987 2513 ut
1001 2449 1140 2514 inferiori
1155 2462 1243 2535 perte
1257 2473 1355 2536 snper

258 2566 374 2618 terrem
390 2561 462 2632 stet,
477 2562 669 2638 acceptaque
691 2553 823 2636 parvula
841 2552 955 2637 petella
970 2552 1069 2615 ferrea
1085 2553 1246 2632 calefacta,
1260 2554 1355 2616 hauri

259 2656 460 2743 liquefactum
483 2655 646 2740 plumbum
667 2664 699 2718 et
715 2653 861 2718 lundein
877 2654 1002 2718 sermm.
1048 2655 1093 2719 Et
1107 2655 1214 2719 statim
1228 2656 1355 2740 depone

258 2761 407 2847 patellam
423 2779 516 2842 super
531 2756 637 2841 ignem
652 2765 688 2821 ut
702 2778 827 2842 semper
841 2756 882 2819 sit
897 2756 1010 2835 calida,
1022 2758 1221 2843 ejectumque
1236 2758 1353 2821 sermm

259 2885 279 2927 a
299 2863 385 2948 ligno
400 2881 494 2945 super
513 2867 628 2922 terram
644 2858 729 2945 aperi
749 2880 824 2923 cum
845 2858 980 2938 cultello,
1000 2868 1033 2922 et
1050 2859 1176 2939 eiciens,
1193 2860 1352 2923 calamum

259 2985 382 3029 rursum
406 2962 517 3025 claude
542 2971 575 3025 et
599 2982 716 3046 repone
742 2961 775 3023 in
801 2960 934 3046 lignum.
980 2958 1014 3023 Si
1036 2968 1142 3025 autem
1165 2982 1229 3025 non
1252 2962 1356 3047 possit

260 3065 423 3154 plumbum
439 3065 522 3128 ferro
536 3063 677 3127 funditus
691 3062 832 3143 influere,
847 3062 1001 3128 calefacto
1017 3064 1127 3128 melius
1143 3062 1225 3127 ferro
1239 3064 1354 3128 iterum

260 3168 375 3246 funde3
394 3167 503 3251 sicque
518 3165 707 3251 temperabis
722 3165 824 3229 donec
836 3167 963 3251 plenum
979 3166 1045 3243 fiat,
1056 3165 1140 3251 quia,
1155 3164 1356 3250 sioequaliter

260 3278 469 3357 temperatum
483 3268 586 3347 fuerit,
601 3268 634 3331 in
649 3289 713 3331 uno
728 3268 831 3331 calore
846 3267 917 3352 plns
932 3288 1027 3352 quam
1042 3266 1253 3352 quadraginta
1267 3266 1355 3331 cala·

261 3397 330 3443 mos
345 3373 476 3438 fundere
490 3371 616 3459 poteris.

535 3671 550 3677 .-
554 3662 1068 3677 ...------.--.--.---.--.-

582 3898 806 3995 CAPUT
862 3895 1055 3991 XXVL

616 4122 662 4164 DE
685 4120 789 4164 LIGNO
812 4116 1004 4163 rurusomo.

346 4271 444 4337 UOD
461 4275 487 4338 si
503 4274 619 4338 serrum
640 4293 705 4336 non
725 4269 883 4348 habueris,
901 4268 1045 4354 perquire
1061 4266 1118 4330 tibi
1133 4266 1254 4351 lignum
1270 4265 1362 4329 abie-

381 4375 482 4439 tinum
502 4377 551 4439 vel
573 4375 667 4451 aliud,
690 4374 777 4460 quod
801 4371 962 4457 aequaliter
985 4369 1062 4432 lindi
1085 4367 1195 4453 possit,
1218 4366 1361 4451 longitu-

263 4479 355 4557 dinis,
378 4476 553 4541 latitudinis
575 4485 608 4540 et
629 4474 838 4561 spissitudinis
859 4484 895 4536 ut
909 4493 1014 4556 supra,
1028 4470 1114 4556 qnod
1130 4471 1238 4531 fissum
1254 4468 1361 4531 incide
