3018 5170
319 502 383 563 306
674 521 864 565 rnnosnrsr
890 522 992 565 tissa
1016 522 1069 565 ιιι.

318 673 422 737 denuo
445 672 525 757 lapis
542 698 551 753 ;
574 673 684 760 sicque
706 674 764 736 fiat
785 673 888 737 donec
909 673 951 737 ad
973 672 1185 758 capacitatem
1201 671 1338 739 sufficiat
1353 672 1413 735 lor·

318 775 416 838 nucis.
462 773 609 861 Cumque
624 775 704 860 lapis
720 774 850 860 coeperit
872 774 1036 862 liquefieri,
1052 797 1107 860 per
1115 775 1309 839 aremulus
1323 797 1414 861 quas·

317 878 391 942 dam
418 876 583 963 plumbum
608 879 707 941 effluit
721 888 753 941 et
774 901 907 965 cupmm
927 878 1011 943 intro
1019 887 1179 943 remanet
1225 877 1324 952 Quod
1345 898 1415 940 curn

317 979 492 1044 diutissime
508 979 682 1046 conflatum
703 980 806 1058 fuerit,
822 980 1040 1073 refrigeratum
1060 989 1093 1043 et
1111 980 1230 1058 eicitur,
1244 988 1279 1043 et
1294 1000 1414 1041 rursum

318 1082 403 1146 aliud
427 1084 539 1147 eodem
564 1083 673 1148 ordine
695 1082 877 1168 imponitur.
923 1081 1008 1147 Huic
1030 1104 1129 1169 cupro
1150 1082 1252 1145 taliter
1270 1080 1344 1145 fuso
1362 1079 1416 1143 ad·

317 1185 467 1249 miscetur
480 1186 591 1272 quinta
608 1206 682 1270 pars
698 1185 812 1279 stagni,
827 1193 861 1249 et
879 1184 1046 1249 conficitur
1060 1184 1236 1262 metallum,
1251 1205 1320 1269 quo
1334 1203 1416 1247 cam·

319 1310 409 1372 panae
426 1288 608 1352 funduntur.

364 1388 526 1453 Invenitur
548 1390 644 1459 etiam
671 1411 772 1475 genus
796 1390 911 1476 lapidis
937 1388 1101 1454 subcrocei
1122 1387 1247 1466 coloris,
1271 1395 1305 1450 et
1328 1386 1415 1449 inter·

318 1491 392 1553 dum
410 1491 506 1570 rusus,
519 1493 573 1578 qui
589 1492 745 1556 calamina
756 1492 880 1571 dicitur,
895 1492 951 1578 qui
965 1513 1029 1556 non
1042 1488 1223 1555 confractus
1233 1488 1255 1570 ¹,
1271 1489 1415 1554 miscetur

319 1592 511 1660 carbonibus
533 1595 664 1659 omnino
687 1594 901 1673 comminutis,
923 1603 956 1657 et
977 1591 1158 1678 supradicto
1180 1613 1280 1677 cupro
1301 1591 1337 1656 in
1358 1590 1415 1654 sor-

319 1715 397 1761 nace
413 1697 645 1777 commiscetur,
660 1697 823 1783 quodhoc
839 1698 935 1762 modo
950 1695 1162 1781 componitur.
1208 1746 1211 1751 .
1328 1744 1332 1751 .

627 2378 857 2480 CAPUT
913 2375 1103 2474 LXIV.

745 2626 792 2670 DE
814 2624 983 2670 FOBNAGE.

321 2792 500 2945 STANT
515 2802 652 2881 quatuor
666 2791 787 2878 lapides
809 2789 841 2854 in
864 2790 995 2854 modum
1011 2789 1122 2871 crucis,
1136 2811 1156 2853 a
1171 2812 1207 2854 se
1222 2789 1411 2877 longitndine

423 2896 517 2961 unius
538 2896 628 2982 pedis
650 2893 798 2982 separati,
820 2892 935 2979 partim
958 2892 992 2956 in
1015 2901 1098 2956 terra
1119 2892 1246 2971 firmati,
1265 2894 1325 2957 sed
1346 2890 1411 2955 alti·

318 2997 428 3060 tudine
454 2999 544 3082 pedis
567 2998 660 3061 unius
687 3019 782 3082 super
807 3005 922 3060 terram
948 2994 1112 3081 aequaliter
1136 2995 1360 3080 prominentes,
1381 3000 1411 3056 et
1499 2992 1500 2997 ’

317 3118 429 3160 omnes
443 3097 476 3159 in
491 3098 642 3183 superiori
665 3108 754 3183 parte
772 3098 920 3185 aquales.
966 3095 1067 3183 Super
1084 3096 1143 3160 hos
1158 3096 1278 3182 lapides
1293 3117 1410 3181 ponun-
1499 3090 1500 3177 l

316 3204 367 3259 tur
382 3206 518 3282 quatuor
533 3199 605 3263 ferri
621 3200 831 3287 quadranguli
850 3198 1061 3285 grossitudine
1076 3196 1169 3262 unius
1183 3197 1285 3282 digiti,
1299 3205 1333 3261 et
1345 3197 1408 3260 lon·
1499 3184 1500 3187 ¹

316 3297 459 3384 gitudine
474 3310 510 3363 ut
524 3300 647 3387 possint
661 3301 703 3365 ab
718 3323 782 3367 uno
802 3300 907 3387 lapide
922 3301 964 3365 ad
978 3301 1113 3364 alterum
1127 3299 1283 3386 protendi.
1329 3298 1410 3362 luter

316 3401 377 3466 hos
392 3402 488 3466 medii
498 3412 663 3489 'ponuntur
677 3404 729 3468 alii
744 3403 818 3468 ferri
834 3402 977 3489 ejusdem
992 3422 1159 3481 mensuris,
1174 3400 1286 3487 aequali
1301 3399 1408 3486 spatio,

316 3504 349 3568 id
372 3512 421 3570 'est
441 3506 605 3571 latitudine
626 3507 721 3570 trium
747 3506 916 3593 digitorum
940 3525 960 3567 a
982 3525 1017 3568 se
1038 3504 1193 3589 separati:
1219 3524 1313 3588 super
1333 3522 1408 3587 quos

315 3610 410 3673 etiam
425 3608 458 3672 in
470 3614 650 3674 transverso
666 3614 826 3696 ponuntur
838 3606 891 3675 alii
906 3603 1010 3670 forma
1020 3613 1053 3668 et
1066 3605 1217 3670 mensuris
1232 3603 1407 3668 inferiorum
1499 3626 1500 3693 ἰ

315 3709 439 3792 oeqnali,
454 3710 500 3773 ita
520 3720 557 3774 ut
578 3711 734 3774 foramina
748 3709 915 3774 rideantur
936 3730 1006 3772 esse
1020 3706 1250 3794 quadrangula.
1295 3705 1354 3770 His
1366 3706 1408 3767 ita
1499 3696 1500 3731 l

315 3808 483 3888 distinctis,
498 3812 592 3896 snpe'r
605 3811 692 3896 ipsos
712 3810 813 3875 ferros
835 3818 972 3895 ponatur
991 3808 1103 3894 argilla
1118 3808 1240 3871 fortiter
1254 3813 1408 3871 macerata

316 3920 348 3973 et
369 3910 454 3974 fimo
468 3911 541 3996 equi
564 3914 748 3992 commixta,
771 3911 976 3999 spissitudine
994 3915 1092 3977 trium
1115 3910 1296 3997 digitorum,
1316 3910 1362 3973 ita
1374 3914 1407 3972 ut

313 4011 395 4099 ipsis
404 4011 493 4076 ferris
508 4022 605 4100 atque
626 4014 784 4100 lapidibus
806 4035 847 4079 ex
863 4013 950 4078 omni
968 4021 1056 4099 parte
1070 4012 1242 4091 adhaereat,
1256 4021 1289 4076 et
1301 4011 1349 4074 ita>
1359 4008 1406 4085 sit,

314 4114 405 4202 quasi
419 4114 501 4178 lares
513 4115 648 4180 rotunda
660 4137 754 4203 super
767 4115 887 4202 lapides
897 4116 1015 4201 jaceat
1055 4114 1180 4178 Deinde
1192 4135 1265 4177 cum
1275 4110 1406 4176 rotundo

347 4270 359 4333 ¹¹
372 4301 441 4379 “ded
453 4301 487 4351 ita
497 4308 525 4350 ut
535 4269 649 4363 effoditur,
659 4301 848 4365 lignisoongestis
858 4308 883 4350 st
893 4302 1039 4351 abundanter
1045 4298 1160 4349 sumentis
1165 4297 1296 4362 imponitur,
1306 4301 1329 4343 et
1337 4295 1406 4343 donee

313 4385 406 4433 omnino
422 4384 520 4432 candem
534 4384 680 4433 comburitur.
715 4382 762 4443 Qui
779 4383 837 4446 lapis
856 4392 907 4445 post
926 4383 976 4433 haec
991 4382 1138 4445 refiguratus
1154 4389 1179 4431 st
1194 4380 1341 4431 minutissime
1356 4390 1406 4425 coo·

311 4463 417 4511 tractus”
450 4465 491 4512 Ex
503 4464 560 4514 uod.
574 4464 672 4527 Guelpl.
702 4478 707 4485 ·
