3090 5174
347 493 412 557 404
696 517 889 561 unnoeniuu
914 519 1018 563 mnne
1041 520 1094 564 111.

350 661 413 726 Sed
429 664 484 728 tibi
500 665 595 730 freter
616 666 658 730 sit
678 677 790 732 uotum
813 669 840 733 si
858 669 938 734 dure
957 670 1051 735 fuerit
1065 692 1193 758 gemme
1207 681 1304 760 etque
1318 670 1436 758 equalis

350 765 452 851 magis
467 767 572 833 lucida
588 790 625 833 ae
641 771 809 856 perspicue
824 771 892 836 erit.

653 1073 1148 1084 n—m*

688 1316 921 1414 CAPUT
981 1317 1155 1415 CIXst

681 1536 727 1579 DB
751 1536 961 1581 scvbennms
984 1538 1129 1582 nnuma.

356 1682 510 1836 SUNT
531 1685 673 1748 nonnulli
695 1685 751 1771 qui
772 1684 861 1749 fenis
883 1685 923 1749 ed
948 1684 1133 1751 incidendos
1153 1685 1276 1772 lapides
1298 1694 1441 1770 tempera·

458 1796 600 1850 mentum
616 1797 762 1875 quaerunt
776 1787 913 1874 ideoque
928 1788 1038 1874 scripsi
1052 1788 1135 1852 hanc
1151 1797 1252 1852 erlem
1267 1810 1362 1875 quem
1376 1808 1441 1873 pro-

354 1890 427 1953 bevi
443 1900 479 1953 ut
493 1900 526 1954 et
546 1891 638 1975 periti
660 1891 797 1954 artifices
818 1891 932 1955 sciant.
978 1889 1162 1977 Hyroinum
1177 1912 1298 1954 saevum
1312 1900 1442 1975 tempore

354 1993 408 2057 illo
430 2014 502 2056 cum
528 2002 669 2057 ureretur
699 2014 793 2078 yrcus
816 2014 925 2057 amore
947 1992 1066 2079 occepi,
1100 2000 1197 2079 etque
1225 1992 1344 2057 sermm
1364 1989 1442 2079 quod

353 2103 531 2180 temperare
545 2094 631 2158 volui
652 2094 685 2157 in
706 2094 788 2159 illius
810 2095 1004 2182 pinguedine
1025 2095 1158 2176 extinxi,
1180 2095 1290 2182 sicque
1305 2096 1339 2159 in
1352 2092 1443 2158 maxi·

357 2215 443 2259 mem
458 2218 584 2261 versum
599 2206 649 2261 est
663 2195 822 2261 duritiam.

662 2478 1142 2491 *—

708 2703 939 2801 CAPUT
998 2702 1146 2800 CX.'

566 2938 613 2982 nn
636 2936 748 2984 enoeu
771 2937 903 2982 neuun
924 2937 1011 2983 num
1035 2938 1255 2984 necomnno.

362 3066 557 3220 OMNIS
579 3070 688 3134 incisio
710 3093 782 3159 quae
803 3071 837 3134 in
859 3070 954 3135 ebore
975 3070 1143 3134 decoratur
1160 3070 1301 3156 petulum
1316 3066 1382 3132 auri
1395 3064 1448 3130 sibi

482 3170 603 3256 quaerit.
648 3169 756 3247 Quam
778 3173 805 3236 si
821 3172 868 3237 vis
889 3193 984 3258 super
1005 3171 1084 3236 ebur
1099 3170 1204 3235 facere
1219 3190 1347 3256 ponem,
1361 3167 1447 3232 facito
1522 3160 1523 3211 l

360 3274 423 3338 hoo
437 3272 525 3359 quod
545 3270 603 3335 tibi
625 3272 743 3358 scripto
762 3274 909 3339 ostendo.
954 3271 1070 3349 Quaere
1091 3272 1150 3336 tibi
1171 3272 1291 3336 olerum
1311 3291 1352 3334 ex
1366 3266 1449 3332 valde

361 3376 483 3441 clerum
497 3374 619 3461 gummi
639 3375 806 3462 liquorem,
826 3375 882 3463 qui
905 3396 945 3440 ex
960 3372 1066 3439 vesica
1085 3372 1171 3438 cethi
1184 3373 1231 3436 fit.
1276 3369 1359 3435 Haeo
1373 3368 1448 3434 enim

361 3476 533 3564 vulgariter
553 3476 634 3541 huso
656 3487 867 3564 nuncupetur.
912 3474 947 3539 Si
970 3484 1077 3540 eutem
1101 3497 1142 3540 ex
1163 3474 1277 3539 endem
1298 3470 1448 3547 habueris,
1522 3474 1523 3491 ¹

361 3580 477 3667 partim
491 3580 574 3644 hanc
587 3580 731 3665 decoque
743 3601 815 3644 cum
831 3599 916 3665 aqua
927 3579 960 3642 in
969 3599 1055 3658 vase,
1069 3577 1120 3641 ille
1135 3597 1275 3663 moxque
1289 3574 1324 3639 in
1338 3568 1449 3661 gummi

359 3681 515 3766 liquorem
544 3682 749 3747 convertitur.
800 3679 854 3744 Ex
883 3680 996 3744 eodem
1027 3701 1104 3766 ergo
1135 3676 1325 3742 incisionem
1354 3673 1448 3741 ebonis

362 3803 460 3867 quam
475 3782 522 3847 vie
536 3804 613 3848 euro
628 3782 788 3865 decorare,
802 3783 938 3870 pincello
952 3804 1047 3870 unge,
1062 3802 1101 3846 ec
1115 3778 1230 3845 deinde
1246 3779 1396 3866 penulam,
1408 3796 1449 3839 re·

364 3891 470 3948 motus
483 3904 504 3947 e
517 3892 626 3965 vento,
642 3907 734 3971 pone.

559 4074 826 4142 mmmmm
877 4041 885 4048 ⁸
1167 4075 1264 4124 wem.
