3090 5174
674 523 864 565 rusorum
891 524 993 566 traua
1019 525 1072 567 111.

689 1167 918 1264 CAPUT
976 1170 1078 1264 XC.
1149 1244 1152 1248 -

792 1400 839 1442 DE
861 1401 983 1443 PERRO.

416 1566 583 1631 ERRUM
604 1568 742 1632 nascitur
764 1569 795 1631 in
818 1579 900 1632 terra
915 1570 948 1631 in
963 1570 1093 1632 modum
1110 1570 1261 1655 lapidum,
1277 1571 1374 1657 quod,
1388 1571 1428 1635 el·

436 1670 555 1733 fossum
574 1671 687 1733 eodem
710 1670 806 1733 modo
828 1693 892 1757 quo
914 1692 1046 1755 cupmm
1069 1671 1213 1756 superius
1235 1671 1429 1757 frangituret

338 1774 370 1836 in
395 1795 517 1836 massas
541 1772 758 1851 confunditur,
773 1773 887 1836 deinde
908 1773 940 1835 in
956 1773 1084 1837 fornace
1099 1774 1218 1837 ferrarii
1242 1774 1387 1861 liquatur,
1400 1784 1428 1837 et
1526 1792 1527 1805 ¹

340 1877 512 1962 percutitur
531 1886 569 1939 ut
591 1886 700 1960 aptum
724 1877 782 1939 fiat
802 1875 971 1960 unicuique
993 1876 1091 1960 operi.
1145 1874 1256 1940 Calibs
1284 1877 1428 1941 dicitura

340 1988 447 2041 monte
464 1977 586 2055 Calibe,
609 1978 640 2039 in
656 2000 721 2063 quo
736 1979 804 2063 ejus
819 1999 895 2040 usus
910 1977 1062 2062 plurimus
1078 1978 1233 2042 invenitur
1242 2004 1251 2058 3
1274 1979 1329 2065 qui
1344 1978 1428 2042 simili
1526 1980 1527 2069 J

339 2081 435 2143 modo
458 2090 642 2165 preparatur
655 2089 691 2143 ut
706 2080 790 2165 operi
813 2088 906 2164 aptus
922 2080 987 2143 fiat.
1034 2080 1116 2143 Cum
1132 2103 1209 2166 ergo
1224 2081 1342 2145 ferrum
1358 2104 1429 2168 pra·
1526 2106 1527 2155 l

340 2182 499 2266 paraveris
529 2192 562 2243 et
590 2182 663 2245 inde
692 2183 837 2260 calcaria,
873 2182 939 2246 sive
968 2192 1082 2247 caetera
1109 2184 1265 2269 equestria
1291 2185 1429 2248 utensilia
1526 2186 1527 2243 l

339 2284 460 2362 leceris,
485 2294 517 2347 et
538 2305 577 2346 ea
600 2305 677 2347 auro
703 2285 753 2346 vel
777 2295 911 2369 argento
933 2286 1083 2351 decorare
1105 2286 1252 2365 volueris,
1274 2308 1365 2350 sume
1386 2307 1429 2349 ar·

340 2393 470 2472 gentum
493 2386 705 2471 purissimum,
729 2398 761 2451 et
783 2388 986 2472 percutiendo
1008 2388 1101 2453 valde
1122 2395 1261 2451 attenua.
1308 2387 1429 2450 Deinde

340 2489 460 2553 habeas
476 2491 611 2553 rotulam
627 2490 764 2574 ligneam
780 2491 820 2553 de
833 2512 965 2577 quercu,
979 2490 1176 2577 longitudine
1187 2489 1277 2575 pedis
1292 2490 1389 2553 latam
1402 2496 1430 2553 et

340 2600 510 2671 ternatim,
526 2615 597 2678 quae
619 2593 661 2656 sit
682 2594 715 2655 in
738 2593 868 2657 circuitu
890 2592 994 2656 tenuis
1015 2599 1048 2654 et
1069 2592 1101 2654 in
1119 2592 1224 2655 medio
1247 2614 1288 2655 ex
1303 2602 1429 2679 utraque

341 2705 429 2779 parte
442 2697 591 2782 spissam,
606 2695 660 2759 ubi
675 2696 704 2759 ei
720 2695 805 2759 aliud
821 2696 943 2781 lignum
959 2716 1087 2758 curvum
1103 2696 1312 2781 transfigatur
1325 2696 1357 2758 in
1372 2716 1429 2781 quo

340 2800 442 2887 possit
456 2800 550 2877 volvi,
566 2799 616 2863 cui
632 2799 727 2864 etiam
743 2799 774 2861 in
792 2820 856 2862 uua
871 2798 1052 2863 summitate
1067 2799 1152 2862 aliud
1167 2798 1289 2884 lignum
1305 2820 1429 2863 curvum

339 2913 520 2989 apponatur
546 2924 619 2966 cum
645 2926 709 2988 quo
739 2902 987 2965 circumrotetur.
1033 2900 1179 2988 Cumque
1205 2902 1308 2987 ipsam
1334 2910 1429 2966 rotam

340 3004 497 3090 aptaveris
520 3004 601 3068 inter
627 3004 707 3068 duas
731 3005 969 3088 columpnellas,
996 3005 1046 3068 lac
1071 3004 1155 3068 circa
1177 3025 1266 3067 oram
1289 3004 1357 3090 ejus
1379 3025 1430 3067 ex·

338 3107 435 3171 terius
457 3106 610 3169 incisuras
633 3106 665 3167 in
690 3107 822 3170 modum
848 3106 976 3192 gradus,
998 3129 1071 3192 quae
1092 3111 1175 3172 retrb
1197 3106 1379 3192 respiciunt,
1399 3115 1430 3169 ut
1526 3098 1527 3101 ¹

340 3210 417 3295 ipsae
445 3208 666 3293 columpnellae
702 3208 735 3271 in
768 3208 884 3295 quibus
920 3216 990 3273 rota
1020 3208 1169 3295 vergitur,
1206 3209 1339 3274 firmiter
1374 3208 1431 3273 sint

340 3313 411 3375 fixae
441 3333 535 3397 super
564 3333 730 3375 scamnum
758 3312 790 3373 in
817 3310 992 3391 latitudine,
1022 3311 1067 3375 ita
1096 3320 1132 3375 ut
1158 3332 1288 3374 currum
1315 3310 1429 3398 lignum

341 3416 382 3479 ad
406 3415 567 3478 dexteram
593 3435 707 3477 manus
732 3413 783 3477 sit.
829 3412 899 3478 Stet
923 3436 1049 3501 quoque
1075 3413 1179 3478 adhuc
1205 3436 1269 3477 una
1293 3414 1430 3497 colump-

340 3517 423 3581 nella
448 3517 490 3581 ad
516 3515 674 3579 sinistram
701 3537 830 3579 manum
857 3516 890 3579 in
915 3516 1063 3580 auteriori
1088 3524 1177 3601 parte
1202 3517 1297 3602 juxta
1323 3525 1430 3591 rotam,

340 3621 372 3683 in
396 3641 460 3706 qua
486 3618 527 3682 sit
549 3620 650 3682 lixum
675 3618 792 3704 gracile
815 3618 948 3704 lignum,
970 3618 1014 3682 ita
1038 3626 1074 3682 ut
1095 3640 1188 3704 super
1210 3627 1311 3682 rotam
1330 3619 1431 3704 jaceat

243 3720 253 3733 '
340 3727 372 3782 et
395 3718 514 3783 habeat
539 3719 571 3781 iu
597 3719 777 3783 summitate
803 3741 861 3783 sua
885 3720 1070 3805 particulam
1095 3721 1216 3801 calibis,
1240 3722 1430 3808 longitudine

340 3831 372 3884 et
396 3821 562 3884 latitudine
588 3823 716 3908 majoris
739 3823 864 3909 unguis,
888 3823 1019 3888 firmiter
1045 3847 1100 3909 per
1125 3825 1268 3888 foramen
1294 3825 1430 3901 infixam,

340 3932 372 3985 et
398 3923 491 3987 valde
524 3934 662 4002 acutam,
692 3925 736 3987 ita
783 3936 818 3988 ut
846 3948 919 3990 cum
949 3935 1017 3990 rota
1046 3927 1178 3991 volvitur
1207 3928 1285 3992 illud
1315 3928 1430 4014 lignum

341 4046 466 4111 semper
480 4024 575 4088 cadat
589 4025 630 4089 ab
652 4048 716 4090 uno
734 4028 835 4113 gradu
856 4028 889 4090 in
912 4030 1055 4109 alterum,
1071 4039 1106 4094 ut
1120 4029 1165 4094 sic
1181 4031 1323 4094 vibratus
1338 4029 1431 4093 calibs

339 4126 490 4213 quicquid
527 4128 697 4214 adponitur
731 4131 859 4195 incidat.
911 4129 996 4195 Cum
1027 4135 1101 4197 verb
1138 4132 1296 4196 limaveris
1333 4133 1433 4196 calcar

340 4251 438 4294 uuum
453 4230 624 4317 aequaliter,
640 4254 723 4317 pone
744 4232 820 4296 illud
835 4254 930 4319 super
944 4234 1099 4298 carbones
1114 4233 1261 4298 ardentes
1275 4234 1376 4299 donec
1389 4233 1431 4296 ni-

341 4342 476 4419 grescat,
499 4334 779 4421 refrigeratamque
801 4344 873 4399 tene
900 4336 997 4400 mand
1019 4336 1147 4401 sinistrai
1168 4346 1200 4400 et
1223 4346 1324 4401 rotam
1344 4336 1430 4400 volve

341 4435 463 4513 dextrd,
486 4436 731 4523 appositumque
753 4436 857 4516 calibi,
880 4438 983 4502 incide
1004 4438 1159 4502 subtiliter
1179 4461 1235 4526 per
1255 4439 1362 4504 omnia
1380 4461 1430 4502 ex-
