3096 5168
271 532 329 594 136
624 549 814 592 annornm
840 549 944 591 arnan
970 548 1007 591 11.

266 704 484 779 fenestrarum,
511 700 698 765 adhibentes
723 701 850 763 inferius
875 700 982 785 ignem
1010 708 1105 785 atque
1128 698 1216 781 ligna
1238 698 1368 782 faginea

266 806 360 882 sicca,
387 804 489 867 donec
519 826 540 866 a
567 802 705 865 flammis
730 802 936 879 circumdata,
963 801 1072 887 sicque
1098 799 1247 864 extractis
1271 798 1368 883 lignis

267 907 393 970 furnum
416 906 593 969 obstruunt.
641 905 783 968 Possunt
800 905 896 968 etiarn
919 904 1030 967 eadem
1047 926 1124 967 vasa
1139 924 1194 989 per
1216 902 1289 966 loca
1311 900 1369 963 de·
1468 921 1477 927 ·

267 1010 367 1072 corari
392 1008 458 1071 auri
483 1010 599 1094 petala,
615 1009 680 1071 sive
711 1008 820 1071 molito
844 1029 921 1070 auro
946 1009 992 1071 vel
1019 1015 1161 1091 argento,
1182 1006 1279 1070 modo
1304 1028 1370 1090 quo

269 1134 373 1195 supra,
390 1113 414 1173 si
432 1111 595 1174 voluerint.

588 1793 820 1891 CAPUT
878 1793 1054 1889 XVII.

556 2042 603 2084 DE
625 2041 869 2086 COMPONENDIS
893 2041 1085 2084 mumma.

348 2216 417 2280 UM
443 2217 577 2280 volueris
604 2217 758 2279 fenestras
787 2238 978 2302 componere
1000 2217 1125 2295 vitreas,
1157 2217 1292 2301 primum
1321 2217 1376 2281 sac

359 2319 416 2384 tibi
431 2320 570 2384 tabulam
593 2319 730 2405 ligneam
746 2320 900 2407 aequalem
921 2330 1019 2384 tantae
1033 2319 1208 2383 latitudinis
1223 2329 1256 2383 et
1270 2320 1377 2405 longi·

274 2422 402 2499 tudinis,
425 2430 460 2485 ut
481 2422 584 2508 possis
606 2421 699 2485 unius
721 2422 874 2508 cujusque
896 2422 1042 2486 fenestrae
1062 2422 1142 2486 duas
1161 2432 1266 2505 partes
1284 2421 1318 2484 in
1336 2445 1379 2485 ea

274 2525 408 2610 operari,
431 2533 464 2587 et
485 2525 644 2610 accipiens
667 2533 788 2588 cretam
810 2532 906 2611 atque
929 2523 1042 2588 radens
1067 2546 1141 2588 cum
1167 2524 1295 2589 cultello
1319 2546 1379 2609 per

275 2636 375 2690 totam
398 2626 551 2705 tabulam,
573 2648 706 2712 asperge
728 2626 863 2712 desuper
885 2646 1002 2712 aquam
1025 2626 1220 2710 peremnia,
1242 2634 1275 2688 et
1296 2625 1380 2691 frica

276 2749 348 2792 cum
372 2748 478 2812 pauno
501 2749 556 2813 per
578 2735 691 2791 totum.
735 2726 882 2815 Cumque
905 2728 1021 2791 siccata
1044 2727 1146 2806 luerit,
1161 2728 1270 2812 accipe
1285 2750 1379 2793 men·

275 2851 382 2894 suram
405 2828 497 2892 unius
519 2828 618 2915 partis
640 2829 673 2892 in
696 2830 834 2893 fenestra
856 2830 1085 2916 longitudinem
1111 2839 1142 2894 et
1165 2830 1380 2910 latitudinem,

276 2932 411 3017 pingens
440 2952 511 2994 eam
538 2931 571 2994 in
598 2931 706 2995 tabula
733 2932 843 3017 regula
866 2941 898 2994 et
925 2931 1043 2996 circino
1069 2954 1143 2996 cum
1170 2932 1304 3017 plumbo
1327 2934 1381 2997 vel

276 3044 403 3120 stagno,
417 3042 450 3096 et
464 3033 490 3095 si
506 3031 553 3097 vis
568 3033 698 3096 limbum
714 3033 747 3096 in
762 3055 801 3097 ea
815 3033 942 3113 habere,
958 3033 1102 3118 pertrahe
1117 3056 1190 3098 cum
1205 3033 1380 3098 latitudine

276 3160 339 3225 qua
353 3135 410 3200 tibi
426 3135 587 3221 placuerit,
602 3144 635 3200 et
655 3157 750 3221 opere
765 3156 830 3222 quo
845 3135 989 3200 volneris.
1034 3135 1109 3211 Quo
1126 3136 1211 3199 facto
1225 3136 1378 3221 pertrahe

277 3239 430 3326 imagines
452 3247 531 3325 quot
551 3238 686 3302 volueris
709 3238 742 3300 in
764 3238 875 3323 primis
897 3238 1026 3324 plumbo
1046 3239 1096 3301 vel
1118 3246 1243 3324 stagno,
1267 3239 1382 3325 sicque

279 3343 377 3407 rubeo
398 3343 503 3407 colore
526 3341 593 3404 sive
611 3340 712 3427 nigro,
736 3339 856 3404 faciens
877 3361 988 3405 omnes
1004 3350 1120 3405 tractus
1135 3340 1287 3419 studiose,
1302 3342 1382 3427 quia

280 3445 489 3510 necessarium
512 3444 571 3508 erit
592 3465 664 3507 cum
681 3442 795 3505 vitrum
818 3442 966 3527 pinxeris,
988 3452 1025 3507 ut
1046 3442 1219 3507 secundum
1235 3443 1382 3508 tabulam

279 3548 456 3634 conjungas
481 3546 610 3610 umbras
637 3555 670 3610 et
691 3545 821 3609 lumina.
869 3544 995 3608 Deinde
1017 3544 1186 3630 disponens
1206 3543 1383 3610 varietates

281 3650 549 3727 vestimentorum,
574 3656 650 3712 nota
670 3647 917 3734 uniuscujusque
938 3648 1077 3712 colorem
1099 3647 1132 3711 in
1154 3669 1212 3711 suo
1233 3648 1325 3729 loco;
1347 3659 1382 3713 et

282 3749 367 3813 aliud
389 3749 612 3837 quodcumque
635 3752 762 3836 pingere
783 3749 918 3814 volueris
942 3771 1005 3813 una
1027 3749 1131 3813 littera
1152 3749 1291 3813 colorem
1313 3751 1383 3837 sig-

282 3850 383 3915 nabis.
430 3849 510 3915 Post
532 3851 600 3915 lraec
622 3853 730 3938 accipe
746 3854 908 3917 vasculum
926 3851 1121 3938 plumbeum,
1140 3851 1219 3915 etin
1234 3874 1274 3915 eo
1290 3853 1384 3917 mitte

281 3961 401 4016 cretam
424 3974 495 4015 cum
519 3975 601 4039 aqua
623 3955 740 4035 tritam,
763 3956 813 4020 sac
836 3955 892 4019 tibi
915 3954 1068 4041 pincellos
1089 3954 1170 4019 duos
1185 3956 1235 4019 vel
1254 3964 1320 4019 tres
1340 3978 1385 4019 ex

284 4055 358 4140 pilo,
370 4051 514 4117 videlicet
528 4076 567 4118 ex
583 4055 686 4120 cauda
700 4057 812 4136 mardi,
828 4060 893 4122 sive
908 4057 1006 4144 grisii,
1018 4057 1068 4120 vel
1080 4057 1211 4142 spirioli,
1223 4068 1279 4121 aut
1293 4058 1386 4135 catti,

283 4158 349 4222 sive
363 4155 404 4221 de
419 4178 511 4221 coma
526 4156 623 4237 asini;
647 4167 679 4222 et
693 4160 801 4244 accipe
817 4181 912 4222 unam
928 4168 1050 4244 partem
1067 4158 1137 4223 vitri
1152 4160 1386 4245 cujuscumque

283 4259 409 4347 generis
424 4259 568 4337 volueris,
583 4283 655 4347 quae
677 4283 717 4325 ex
733 4261 820 4325 omni
835 4271 923 4347 parte
938 4263 1040 4347 major
1055 4263 1096 4326 sit
1111 4263 1181 4327 loco
1197 4265 1227 4326 in
1242 4286 1309 4349 quo
1324 4286 1386 4349 po·

284 4365 389 4429 nenda
403 4372 461 4442 est,
477 4363 631 4428 adhibens
654 4386 724 4428 eam
745 4387 860 4450 campo
875 4365 973 4451 ipsius
990 4365 1059 4444 loci,
1075 4378 1108 4429 et
1123 4366 1204 4429 sicut
1218 4367 1386 4429 cousider-

284 4467 384 4531 averis
400 4476 518 4531 tractus
540 4468 573 4530 iu
594 4467 700 4530 tabula
721 4488 776 4552 per
791 4467 930 4531 medium
946 4468 1070 4547 vitrum,
1086 4470 1129 4532 ita
1145 4468 1290 4555 pertrahe
1306 4492 1386 4533 cum
