3096 5168
327 503 386 564 116
661 521 837 565 raosoous
862 522 896 564 rr«
921 522 1118 566 srcorouu.

321 689 477 757 imitator
494 709 560 777 ego
578 686 777 755 desiderans
796 687 880 769 loro,
897 688 1113 779 apprehendi
1139 686 1269 757 atrium
1295 684 1413 781 regiae¹

321 802 463 893 Sophiae
483 802 733 893 conspicorquo
754 801 917 872 cellulam
936 803 1149 874 diversorum
1170 802 1327 873 colorum
1349 826 1417 874 om·

322 918 464 987 trimoda
482 918 653 987 varietata
679 918 844 987 refertam
868 928 905 989 et
928 928 1182 988 monstrantem
1203 919 1416 1012 singulorum

321 1035 514 1103 utilitatem
534 1057 575 1102 ao
593 1045 763 1103 naturam.
817 1034 897 1115 Quo
917 1057 1000 1103 mox
1018 1035 1238 1105 inobservato
1262 1036 1355 1127 pede
1371 1037 1417 1105 in·

321 1173 469 1243 gressus,
494 1149 626 1240 replevi
650 1150 873 1219 armariolum
900 1151 1013 1220 cordis
1037 1151 1109 1220 moi
1134 1149 1351 1222 sufficienter
1376 1175 1416 1222 ex

323 1266 494 1346 omnibus,
519 1287 597 1357 quae
623 1264 783 1358 diligenti
810 1266 1029 1357 experientia
1057 1264 1238 1358 sigillatim
1265 1289 1417 1358 persom-

322 1392 427 1463 tatus‚
451 1388 579 1450 cuncta
598 1381 674 1450 visu
697 1381 929 1473 manibusque
951 1380 1098 1472 probata
1118 1381 1202 1452 satia
1224 1379 1342 1453 lucido
1358 1392 1416 1452 tuo

322 1498 438 1568 studio
464 1497 706 1566 commendavi
732 1497 864 1589 absque
890 1496 1029 1566 invidia.
1092 1495 1228 1567 Verum
1253 1499 1415 1589 quoniam

321 1612 520 1707 hujusmodi
538 1612 683 1703 picturoe
705 1635 788 1683 usus
811 1611 994 1704 perspicax
1019 1633 1090 1680 non
1107 1610 1202 1682 valet
1218 1634 1304 1695 esso,
1322 1614 1415 1704 quasi

322 1729 477 1797 curiosus
488 1726 689 1818 explorator
702 1728 864 1798 omnibus
877 1727 990 1797 modis
1008 1726 1183 1797 elaboravi
1200 1750 1414 1821 cognoscere,

321 1866 391 1935 quo
416 1845 501 1913 artis
527 1843 667 1935 ingenio
693 1852 730 1912 et
756 1843 912 1913 colorum
938 1843 1088 1913 varietas
1114 1866 1201 1935 opus
1228 1844 1413 1925 decoraret,

321 1969 358 2029 et
377 1960 491 2029 lucem
509 1959 579 2029 diei
597 1960 748 2051 solisque
773 1959 887 2029 radios
904 1980 972 2027 non
995 1958 1194 2050 repelleret.
1246 1958 1342 2031 Huic
1358 1984 1414 2031 ex·

320 2077 444 2146 orcitio
461 2099 603 2168 operam
621 2076 706 2147 dans
718 2076 797 2145 vitri
815 2083 977 2145 naturam
995 2076 1262 2167 comprehendo,
1274 2078 1413 2169 ejusque

320 2191 426 2263 solius
448 2215 514 2262 usu
541 2200 580 2262 ot
606 2193 777 2262 varietate
803 2191 838 2260 id
864 2189 955 2260 offici
980 2213 1082 2283 posse
1107 2192 1297 2274 considero,
1324 2193 1410 2286 quod

320 2309 517 2391 artificium,
547 2310 638 2380 siout
668 2310 780 2379 visum
811 2317 849 2378 et
878 2308 1039 2378 auditum
1067 2308 1182 2390 didici,
1211 2310 1328 2380 studio
1354 2323 1411 2380 tuo

321 2424 486 2517 indagare
504 2425 632 2496 curavi.

634 2617 641 2650 ¹
658 2628 674 2653 ¹⁴
685 2620 786 2697 agiae,''
803 2619 872 2679 Cod.
889 2620 1054 2700 Lipsiensis.

681 3351 836 3394 Exrtlcl'r
859 3351 1047 3397 ramulo.
1139 3368 1143 3373 ·
