3090 5174
335 508 399 571 364
695 528 886 573 rasorium
913 528 1018 572 urana
1042 528 1095 572 111.

334 688 527 755 amoveatur,
545 679 599 741 sed
617 681 779 765 aliquanto
796 680 899 765 spatio
916 691 1068 756 teneatur,
1085 688 1121 742 ut
1135 680 1161 742 si
1176 701 1220 742 aes
1235 679 1422 743 descenderit

335 780 438 844 denub
453 781 707 865 superfundatur.
754 782 849 856 Quod
871 783 897 845 si
919 793 952 845 tu
971 782 1013 844 ab
1034 782 1093 844 hoc
1112 781 1220 845 labore
1240 782 1420 866 portantium

337 892 368 944 et
394 883 516 946 diverse
544 884 741 947 fundentium
765 885 923 948 retrahere
946 884 1091 961 volueris,
1108 884 1235 970 acquire
1253 884 1307 947 tibi
1329 885 1422 946 marri·
1514 904 1515 953 i

335 1007 422 1046 nrum
445 985 596 1048 cacabum
622 985 675 1071 qui
699 987 739 1048 sit
767 986 919 1050 infundo
944 986 1085 1072 aequalis,
1108 995 1141 1049 et
1166 986 1216 1049 fac
1240 987 1268 1049 ei
1291 986 1422 1049 foramen

335 1109 432 1150 unurn
450 1090 479 1150 in
496 1089 591 1150 latere
607 1088 748 1172 ejusdem
765 1089 865 1166 fundi,
880 1098 977 1174 atque
993 1089 1119 1173 cooperi
1134 1111 1208 1151 eum
1223 1088 1334 1174 argilla
1346 1089 1422 1151 intus
1514 1086 1515 1093 '

334 1201 366 1253 et
381 1200 479 1267 extra,
495 1190 577 1252 sicut
595 1191 746 1274 superius.
793 1189 867 1263 Quo
888 1191 974 1254 facto
989 1191 1081 1254 sistes
1096 1214 1168 1255 eum
1187 1193 1282 1277 juxta
1298 1191 1421 1255 formam
1514 1220 1515 1223 ¹

334 1314 398 1355 uon
426 1292 551 1377 longius
574 1295 669 1378 quam
692 1291 832 1378 quinque
855 1292 971 1377 pedum
998 1294 1111 1379 spatio,
1138 1303 1170 1357 et
1194 1295 1375 1380 circumlige
1397 1292 1421 1355 ei

334 1395 468 1480 paxillos
483 1405 578 1480 atque
593 1394 699 1478 ignem
723 1417 795 1457 cum
816 1396 1007 1459 carbonibus
1022 1398 1148 1482 inpone.
1194 1397 1342 1485 Cumque
1356 1419 1421 1460 ean·

334 1496 437 1558 duerit
452 1497 579 1560 obstrue
598 1498 739 1560 foramen
763 1519 835 1561 cum
859 1499 978 1583 argillis,
993 1500 1079 1586 quod
1095 1520 1222 1562 versum
1238 1499 1298 1562 erit
1312 1499 1352 1562 ad
1366 1499 1421 1560 for-

335 1620 431 1676 mam,
447 1609 479 1661 et
492 1620 648 1683 compone
668 1598 696 1660 ei
713 1600 799 1684 ligna
816 1610 961 1686 quatuor,
980 1611 1013 1665 et
1032 1600 1168 1686 paxillos
1183 1602 1314 1664 interius
1328 1601 1421 1664 forna·

334 1726 467 1790 cemqne
491 1704 587 1768 facito
613 1705 645 1766 in
669 1705 811 1784 circuitu,
839 1706 920 1770 sicut
943 1707 1095 1792 superius.
1143 1707 1270 1771 Deinde
1296 1706 1420 1792 inposito

334 1829 431 1891 cupro
455 1828 526 1869 cum
549 1806 738 1869 carbonibus
760 1819 793 1870 et
813 1808 897 1893 igne,
920 1808 1136 1895 adpositisque
1155 1809 1256 1872 tribus
1271 1808 1421 1872 ordinibus
1514 1802 1515 1829 ³

336 1909 466 1986 lollium,
492 1909 541 1972 fac
567 1908 636 1971 llari
662 1909 798 1972 viriliter.
867 1910 996 1974 Interim
1022 1912 1141 1975 habeas
1167 1911 1289 1997 lignum
1314 1911 1419 1975 siccum
1514 1944 1515 1979 i

335 2020 430 2074 tautae
453 2011 658 2095 longitudinis
678 2021 714 2073 ut
733 2012 834 2097 possit
856 2014 1026 2098 procedere
1044 2035 1064 2076 a
1079 2012 1234 2077 foramine
1256 2012 1363 2076 cacabi
1377 2034 1421 2074 us·
1514 2004 1515 2023 ¹

334 2137 396 2201 que
418 2112 458 2176 ad
475 2137 511 2176 os
527 2114 646 2192 formae,
669 2116 760 2200 cujus
782 2126 951 2178 curvatura
965 2115 1007 2179 sit
1021 2115 1137 2200 ampla.
1183 2113 1280 2189 Quod
1304 2136 1372 2178 cum
1387 2135 1420 2177 er

335 2216 422 2280 omni
445 2226 533 2300 parte
555 2218 763 2303 cooperiveris
785 2217 896 2302 argilla
910 2227 943 2280 et
963 2216 1100 2281 maxime
1124 2217 1277 2302 superius,
1297 2216 1421 2281 infodias
1514 2246 1515 2269 r

335 2320 379 2382 ita
393 2328 429 2381 ut
443 2321 562 2405 aequale
578 2320 619 2383 sit
633 2332 723 2383 terrae
738 2320 794 2384 sed
805 2321 899 2406 juxta
914 2321 1069 2384 cacabum
1084 2319 1209 2385 modice
1221 2319 1323 2397 altius,
1335 2326 1421 2405 atque

335 2421 524 2507 superfunde
548 2422 577 2483 ei
599 2422 716 2507 ignitos
737 2422 901 2486 carbones.
950 2422 1032 2485 Mox
1047 2421 1185 2508 inposito
1207 2430 1322 2507 stagno
1336 2443 1357 2484 a
1389 2441 1421 2482 ue

335 2535 496 2588 commoto
511 2546 620 2609 cupre,
640 2525 722 2589 sicut
736 2525 878 2611 superius
893 2546 965 2588 cum
982 2546 1078 2588 curvo
1091 2524 1174 2587 ferro
1188 2524 1275 2611 quod
1291 2524 1331 2587 sit
1343 2524 1421 2609 ligno

336 2627 458 2690 fortiter
472 2627 613 2706 affixum,
626 2628 711 2712 aperi
727 2629 880 2708 foramen,
892 2636 924 2691 et
939 2627 1125 2707 astantibus,
1137 2627 1191 2713 qui
1207 2634 1336 2690 teneant
1350 2627 1420 2689 duos

335 2729 503 2793 colatorios
526 2750 661 2813 pannos,
685 2731 752 2795 sine
775 2731 820 2794 eis
846 2730 961 2809 fluere;
987 2730 1145 2793 interdum
1165 2739 1273 2792 tamen
1293 2728 1419 2792 tenendo

335 2833 417 2896 sicut
438 2832 590 2917 superius.
635 2830 781 2920 Cumque
803 2834 906 2897 forma
927 2834 1021 2920 plena
1043 2834 1145 2911 fuerit,
1167 2832 1289 2919 siquid
1310 2831 1419 2895 aerisin

335 2934 455 2997 cacabo
486 2933 645 3013 remansit,
671 2936 703 2997 in
734 2937 916 2999 summitate
944 2935 1021 3020 ligni
1051 2936 1152 3022 grossi
1182 2957 1265 3021 pone
1293 2956 1419 2998 massam

335 3033 453 3117 argillae
476 3041 509 3094 et
534 3040 607 3094 ante
632 3032 773 3098 foramen
798 3034 920 3098 fortiter
944 3034 1084 3120 impinge
1110 3043 1146 3097 ut
1172 3056 1244 3097 eum
1275 3034 1418 3097 obstruas.

338 3134 410 3197 Hoc
430 3141 564 3218 utroque
582 3133 678 3196 modo
694 3135 846 3201 fundendi
862 3137 984 3221 possint
998 3137 1093 3200 etiam
1117 3136 1254 3199 minores
1269 3155 1419 3219 campanar

337 3236 426 3300 fundi
440 3243 476 3300 ut
491 3236 665 3300 secundum
681 3240 890 3323 quantitatem
906 3261 1013 3303 earum
1029 3241 1108 3303 liant
1122 3238 1243 3303 cacabi.

381 3838 465 3903 Cum
474 3862 549 3903 rero
558 3863 601 3905 aes
612 3842 645 3904 in
655 3840 806 3906 infusorio
818 3840 987 3919 duraverit,
998 3841 1047 3904 lae
1057 3848 1092 3903 ut
1102 3839 1246 3903 certatim
1256 3848 1338 3902 terra
1345 3834 1417 3923 ejici·

337 3951 407 4006 atur
421 3964 441 4006 a
456 3942 541 4007 fossa
556 3953 588 4007 at
603 3943 741 4008 exterius
757 3944 955 4030 aliquantum
971 3942 1168 4028 refrigeretur
1178 3952 1271 4006 terra.
1318 3940 1417 4025 Ejecta

336 4066 410 4109 vero
427 4055 519 4122 terra,
541 4045 610 4130 ipsa
626 4045 727 4109 forma
746 4045 914 4108 inclinetur
931 4045 963 4107 in
979 4067 1042 4108 uno
1058 4045 1155 4108 latere
1170 4054 1203 4108 et
1217 4054 1301 4109 terra
1314 4063 1416 4127 suppo

335 4157 439 4227 natur,
451 4148 559 4235 sicque
575 4148 631 4211 fiat
645 4147 757 4225 donec,
770 4147 882 4212 eodem
899 4147 994 4210 modo
1009 4169 1074 4233 quo
1089 4147 1235 4232 inposita,
1247 4155 1297 4209 est
1311 4168 1331 4208 a
1345 4144 1417 4207 fossa

336 4251 487 4336 ejiciatur.
533 4247 608 4325 Quo
624 4250 720 4329 lacto,
736 4271 830 4335 super
844 4271 942 4313 unum
957 4250 1040 4313 latus
1054 4249 1183 4313 omnino
1200 4248 1382 4333 deponatur,
1392 4252 1418 4307 et

335 4375 410 4417 eum
425 4353 587 4418 securibus
598 4353 730 4440 aliisque
746 4352 834 4416 ferris
846 4351 946 4415 acutis
961 4352 1013 4438 qui
1030 4352 1093 4416 sint
1108 4351 1197 4414 infixi
1208 4351 1312 4437 longis
1327 4348 1417 4435 lignis,

334 4453 464 4518 interior
488 4456 600 4541 argilla
623 4455 767 4520 certatim
794 4454 945 4539 ejiciatur,
970 4455 1093 4540 quiesi
1119 4454 1318 4540 permittatur
1338 4453 1416 4515 inea
