3144 5184
324 507 367 566 30
687 523 875 566 rusorum
900 522 1001 565 ursan
1028 523 1049 565 ι.

323 695 426 735 aureae
449 674 571 758 petulas.
617 675 723 749 Quam
747 697 818 737 cuni
842 674 1014 738 secundum
1037 675 1158 739 libitum
1181 683 1270 737 tunm
1293 682 1423 736 attenu-

324 776 436 852 averis,
458 798 496 838 ex
524 799 561 840 ea
582 777 702 841 incides
725 779 843 865 forcipe
868 779 1037 864 particulas
1059 788 1194 865 quantas
1219 776 1366 853 volueris,
1392 788 1426 838 et

324 877 396 940 inde
427 879 586 942 ordinabis
616 903 751 944 coronas
781 903 890 944 aureas
920 881 1003 944 circe
1031 880 1137 966 capita
1169 880 1362 965 regulorum,
1392 890 1426 942 et

324 981 423 1042 stolas
439 993 471 1043 et
485 1004 557 1045 oras
573 984 841 1063 vestimentorum,
856 995 889 1046 et
904 994 1017 1047 caetcra
1033 991 1068 1046 ut
1083 982 1215 1046 libuerit

602 1270 1112 1282 ,φη-..ὴ

650 1485 883 1582 CAPUT
941 1486 1095 1582 XXV

676 1710 721 1752 DE
744 1711 948 1754 IMPONENDO
971 1711 1074 1756 AURO.

330 1863 644 2015 IMPONENDO
669 1887 791 1945 anrmn,
807 1866 881 1929 tolle
910 1868 1040 1945 clarum,
1066 1866 1152 1953 quod
1184 1867 1352 1952 pereutiter
1381 1890 1422 1931 ex

389 1967 537 2050 albugine
552 1967 603 2029 ovi
626 1967 692 2031 sine
714 1990 808 2053 aqua,
823 1978 856 2033 ct
877 1969 949 2032 inde
969 1991 1042 2033 cum
1058 1969 1192 2054 pincello
1207 1969 1319 2031 leniter
1332 1970 1424 2033 linies

329 2073 432 2135 locum
448 2069 559 2154 inquo
574 2070 755 2154 ponendum
771 2081 820 2134 est
834 2093 954 2149 summ,
970 2083 1003 2134 et
1019 2070 1121 2134 cauda
1139 2070 1282 2154 ejusdem
1298 2071 1425 2156 pincelli

328 2175 360 2236 in
376 2194 431 2235 ore
446 2182 502 2235 tuo
518 2171 705 2249 madefacta,
721 2172 885 2257 continges
901 2195 999 2237 unum
1014 2196 1112 2237 cornu
1127 2173 1234 2235 incisae
1255 2173 1382 2256 petulae,
1394 2180 1426 2233 et

328 2278 373 2340 ita
396 2276 522 2339 elevans
547 2297 619 2337 cum
642 2296 766 2337 summa
782 2274 947 2338 velocitate
971 2275 1124 2359 impones,
1138 2283 1171 2337 et
1192 2295 1266 2337 cum
1288 2273 1425 2358 pincello

328 2378 479 2465 aequabis.
525 2375 575 2438 Ea
597 2376 677 2439 bora
700 2385 825 2462 oportet
847 2386 879 2440 te
903 2398 922 2440 a
943 2387 1038 2440 vento
1061 2398 1183 2454 cavere,
1205 2385 1237 2439 et
1260 2374 1302 2438 ab
1327 2375 1425 2438 halitu

329 2480 500 2554 continere,
516 2478 591 2563 quia
606 2478 632 2541 si
647 2479 782 2557 flaveris,
799 2480 937 2564 petulum
953 2480 1065 2564 perdes
1084 2487 1117 2542 et
1138 2477 1263 2541 difficile
1279 2478 1424 2562 reperies.

330 2581 412 2656 Quae
427 2603 498 2643 cum
522 2581 627 2663 posita
641 2581 734 2644 luerit
748 2591 780 2645 et
794 2582 921 2660 siccata,
937 2581 975 2659 ei,
991 2582 1016 2645 si
1032 2580 1176 2657 volueris,
1192 2579 1305 2643 eodem
1329 2581 1426 2644 modo

329 2684 462 2745 alteram
484 2702 671 2765 superpone,
687 2691 720 2745 et
741 2684 866 2746 tertiam
888 2684 1040 2759 similiter,
1061 2684 1087 2745 si
1109 2705 1189 2768 opus
1212 2682 1314 2761 fuerit,
1331 2691 1367 2745 ut
1388 2704 1426 2745 eo

330 2783 463 2846 lucidius
492 2803 565 2844 cum
596 2781 691 2846 dente
720 2784 786 2847 sire
815 2807 889 2848 cum
919 2785 1023 2870 lapide
1049 2785 1146 2870 polire
1173 2784 1284 2869 possis.
1331 2784 1426 2847 Hanc

329 2887 426 2950 etiam
440 2885 592 2969 petulum,
608 2884 634 2947 si
650 2886 795 2966 volueris,
811 2887 843 2950 in
867 2908 956 2950 muro
979 2896 1010 2950 et
1032 2887 1171 2973 laqueari
1192 2886 1305 2949 eodem
1328 2886 1426 2948 modo

331 2989 491 3072 imponere
517 2988 642 3073 poteris.
696 2988 793 3063 Quod
817 2990 843 3052 si
873 3011 984 3053 aurum
1011 3011 1074 3052 non
1102 2988 1259 3066 habueris,
1285 2988 1425 3072 petulum

330 3090 435 3175 stagni
450 3090 597 3176 accipies,
612 3113 709 3176 quam
725 3091 786 3155 boc
801 3091 897 3156 modo
913 3091 1018 3155 facies.

647 3531 880 3629 CAPUT
936 3531 1129 3628 XXVL

704 3754 751 3797 DE
773 3753 906 3798 rmum
927 3752 1061 3798 s'rnuul.

334 3902 591 4056 STAGNUM
605 3904 805 3989 purissimum
815 3905 993 3969 attenuabis
1008 3905 1173 3991 diligenter
1184 3927 1279 3990 snper
1294 3901 1422 3969 incude¹

408 4005 533 4084 malleo,
548 4014 684 4092 quantas
698 4015 731 4070 et
744 4028 841 4093 quam
856 4017 966 4070 tenues
987 4016 1092 4092 partes
1107 4006 1251 4071 volueris.
1297 4005 1424 4070 Etcum

333 4108 563 4193 aliquantulum
585 4109 741 4173 attenuari
764 4108 926 4195 coeperint,
948 4110 1098 4195 purgabis
1120 4131 1174 4175 eas
1195 4111 1228 4172 in
1250 4131 1315 4173 una
1342 4118 1427 4194 perte

332 4231 440 4297 panno
455 4210 559 4289 laneo,
575 4220 608 4274 et
621 4211 811 4276 carbonibus
826 4211 917 4275 siccis
932 4211 1141 4275 minutissime
1157 4212 1247 4290 tritis,
1262 4232 1301 4274 ac
1315 4211 1425 4273 iterum

334 4313 488 4398 percuties
503 4313 628 4393 malleo,
644 4335 831 4400 rursumque
846 4313 974 4378 fricabis
989 4335 1098 4399 panno
1111 4322 1143 4376 et
1153 4311 1354 4392 carbonibus,
1369 4311 1426 4375 sic·

773 4448 779 4478 ¹
797 4448 982 4497 “iucundum’'
