3166 5190
333 515 397 578 224
689 536 879 579 rnuorxrur
906 536 1006 580 ursan
1029 537 1082 580 111.

331 686 446 749 fuerint
460 708 532 749 cum
558 685 714 764 malleolo,
731 687 797 750 sive
824 710 896 751 cum
911 688 1059 753 incisorio
1086 689 1179 767 ferro,
1194 694 1251 750 aut
1272 707 1340 748 cum
1355 686 1414 748 cul·

332 789 415 868 tello,
431 811 532 873 unges
547 811 602 851 eas
618 789 714 852 veteri
737 791 846 854 eruina
862 792 959 877 porci,
975 802 1006 855 et
1026 790 1239 855 circumdabis
1254 788 1414 874 corrigialis

332 913 371 954 ex
398 892 519 955 hircino
545 893 631 957 corio
654 893 772 973 incisis,
789 894 966 981 ligabisque
988 896 1043 958 filo
1070 895 1162 959 lineo.
1210 892 1353 957 Posthac
1368 914 1415 955 co-

331 994 453 1079 operies
479 1017 533 1057 eas
563 995 675 1080 argillh
698 997 858 1061 maceratis
883 997 1091 1082 singulariter,
1117 998 1300 1082 caudasque
1325 994 1416 1057 nudas

332 1096 481 1159 dimittes.
527 1095 673 1182 Cumque
688 1098 813 1162 siccatae
829 1097 954 1176 fuerint,
969 1098 1077 1163 mittes
1092 1098 1259 1185 inignem,
1275 1107 1306 1160 et
1319 1095 1416 1159 suffla-

331 1200 380 1263 bis
392 1198 521 1277 sortiter,
537 1199 801 1286 combureturque
817 1201 947 1279 corium,
963 1211 1083 1265 etcum
1105 1199 1306 1265 festinatione
1320 1206 1415 1261 extra·

331 1301 411 1365 hens
426 1301 468 1365 ab
484 1301 595 1387 argilla
610 1302 787 1388 exstingues,
798 1303 959 1390 aequaliter
974 1303 1007 1366 in
1019 1326 1114 1390 aqua,
1128 1312 1347 1387 extractasque
1361 1298 1415 1362 sic·

332 1404 420 1468 cabis
436 1404 476 1467 ad
493 1404 609 1489 ignem.

671 1689 1129 1701 ——m-——ffl-—w

678 1888 916 1986 CAPUT
980 1889 1086 1983 XT

635 2111 681 2153 DE
703 2112 984 2156 Tnmrssunussrrro
1008 2113 1121 2154 snum.

334 2258 523 2409 FERRI
555 2282 683 2346 quoque
713 2259 838 2323 fossorii
866 2270 1081 2346 temperantur
1102 2262 1165 2325 hoc
1191 2264 1302 2327 rnodo.
1343 2259 1417 2323 Cum

429 2363 527 2427 limati
550 2363 667 2427 fuerint
680 2370 713 2426 et
727 2362 791 2426 suis
814 2363 987 2426 manubriis
1002 2363 1112 2448 aptati,
1128 2365 1296 2428 summitas
1318 2382 1416 2427 comm

331 2465 464 2528 mittitur
479 2465 512 2527 in
527 2465 645 2551 ignem,
661 2471 694 2528 et
707 2487 784 2529 mox
799 2472 835 2529 ut
844 2465 976 2552 coeperit
990 2467 1190 2546 candescere,
1207 2466 1377 2532 extrahitur
1389 2471 1414 2525 et

331 2567 364 2630 in
380 2589 463 2654 aqua
476 2567 680 2653 extinguitur.

660 3078 890 3179 CAPUT
951 3082 1097 3178 XXL

725 3305 807 3347 irem
832 3304 878 3346 DE
901 3305 1030 3349 EODEM.

409 3450 453 3515 lT
477 3450 573 3515 etiam
596 3450 682 3514 aliud
704 3461 991 3537 temperamentum
1013 3453 1287 3533 ferramentorum,
1310 3448 1415 3538 quibus

407 3554 522 3618 vitrum
550 3554 698 3617 inciditur
723 3564 756 3617 et
778 3555 936 3619 molliores
961 3556 1081 3642 lapides
1104 3555 1164 3619 hoc
1186 3557 1294 3620 modo.
1336 3550 1414 3614 Tolle

330 3655 452 3719 hircum
479 3656 645 3732 triennem,
660 3667 693 3719 et
713 3656 777 3742 liga
801 3678 873 3720 eum
888 3657 974 3721 intus
1000 3658 1101 3722 tribus
1123 3658 1234 3722 diebus
1253 3659 1320 3720 sine
1340 3652 1414 3725 cibo,

330 3756 444 3843 quarti
458 3756 509 3820 die
523 3758 565 3819 da
580 3756 609 3820 ei
624 3756 740 3821 filicem
755 3758 921 3823 comedere
933 3768 965 3823 et
979 3760 1074 3823 nichil
1090 3759 1186 3824 aliud.
1232 3759 1336 3835 Quem
1350 3773 1413 3819 cum

329 3855 455 3919 duobus
483 3856 596 3919 diebus
625 3857 807 3935 comederit,
833 3860 977 3943 sequenti
1006 3868 1100 3923 nocte
1129 3859 1271 3943 co-operi
1297 3875 1365 3920 eum
1385 3851 1414 3912 in

329 3957 416 4023 dolio
442 3956 571 4021 inferius
594 3956 764 4042 perforato,
779 3960 839 4023 sub
861 3959 978 4046 quibus
1001 3960 1208 4025 foraminibus
1232 3980 1314 4045 pone
1337 3951 1413 4019 aliud

327 4082 385 4125 vae
400 4060 569 4145 integrum,
584 4058 618 4122 in
639 4082 705 4146 quo
720 4061 850 4147 colligas
871 4062 992 4126 urinam
1017 4065 1094 4148 ejus.
1140 4061 1214 4137 Qua
1229 4062 1350 4125 duabus
1369 4053 1413 4118 vel

327 4163 428 4228 tribus
444 4162 589 4226 noctibus
604 4163 661 4225 tali
684 4163 781 4227 modo
796 4163 987 4228 sufficienter
1001 4166 1144 4242 collecta,
1159 4164 1268 4229 emitte
1289 4163 1411 4233 hircum,

327 4276 360 4331 et
374 4266 407 4329 in
422 4265 491 4350 ipsa
505 4262 596 4327 urina
611 4265 801 4329 ferramenta
818 4276 874 4329 tua
895 4275 1045 4353 tempera.
1093 4267 1132 4330 In
1147 4267 1239 4331 urina
1254 4265 1345 4329 etiam
1359 4258 1411 4323 rufi

326 4369 415 4455 pueri
430 4366 552 4453 parvuli
579 4377 793 4453 temperantur
816 4369 1016 4447 ferramenta,
1032 4368 1141 4433 durius
1164 4389 1259 4454 quum
1283 4366 1314 4429 in
1338 4380 1411 4449 aqua

328 4470 474 4555 simplici.
698 4470 702 4477 '
