3096 5168
324 548 365 611 38
685 569 876 615 rusornrnr
903 572 1005 616 mssa
1030 573 1052 615 r.

324 718 461 782 molatur
475 742 513 784 eo
530 721 650 800 ordine,
666 745 730 807 quo
742 724 840 808 prius,
856 724 958 787 donec
974 724 1104 789 omnino
1126 732 1220 788 exeat
1233 746 1307 788 curn
1323 746 1419 812 aqua.

322 819 391 883 Tali
414 822 509 885 modo
532 824 714 887 molendum
737 832 786 887 est
799 834 978 911 argentum,
994 826 1196 905 auricalcum,
1217 836 1250 891 et
1272 850 1418 913 cupmm.

323 920 387 985 Sed
402 944 514 987 aurum
529 925 710 1010 diligentius
725 934 819 989 estet
833 926 946 990 leniter
960 927 1160 1007 trahendum,
1175 928 1354 1015 saepiusque
1370 952 1419 994 re·

321 1024 517 1108 spiciendum
532 1027 606 1112 quia
621 1027 746 1091 mollius
760 1039 808 1092 est
819 1029 930 1093 ceteris
945 1030 1090 1109 metallis,
1106 1052 1147 1094 ne
1162 1030 1242 1094 forte
1256 1030 1420 1094 adhaereat

322 1127 505 1193 molendino
520 1130 569 1193 vel
586 1129 700 1214 pistillo
715 1140 747 1194 et
768 1132 1031 1217 conglomeratur.
1077 1130 1218 1207 Quodsi
1241 1153 1297 1216 per
1319 1133 1418 1217 negli-

322 1230 464 1314 gentiam
498 1231 677 1316 contigerit,
707 1232 793 1318 quod
829 1233 1100 1318 conglomeratum
1131 1241 1180 1297 est
1209 1233 1358 1297 eradatur
1387 1242 1419 1297 et

321 1332 473 1417 ejiciatur,
488 1344 520 1397 et
543 1334 629 1420 quod
654 1335 809 1421 reliquum
833 1344 881 1398 est
903 1357 1002 1422 usque
1026 1335 1067 1399 ad
1098 1334 1247 1399 effectum
1270 1335 1416 1398 molatur.

323 1435 397 1511 Quo
413 1437 498 1502 facto
513 1438 705 1525 superiorem
728 1460 844 1524 aquam
860 1460 932 1502 cum
949 1439 1094 1503 sordibus
1109 1438 1149 1503 de
1164 1439 1299 1503 baccino
1315 1436 1417 1501 effun-

321 1538 420 1618 dens;
453 1540 527 1603 inde
557 1562 668 1604 aurum
698 1539 865 1625 diligenter
895 1541 928 1604 in
957 1540 1113 1605 concham
1150 1540 1305 1604 mundam
1335 1539 1417 1603 lara.

324 1641 450 1706 Dehinc
472 1642 640 1707 infundens
659 1643 687 1707 ei
713 1665 829 1730 aquam
851 1665 925 1707 cum
940 1643 1076 1729 pincello
1099 1665 1201 1722 move,
1217 1652 1251 1706 et
1271 1663 1347 1705 cum
1363 1664 1419 1727 per

321 1765 417 1807 unam
433 1744 545 1808 horam
560 1745 592 1807 in
617 1767 712 1809 manu
728 1745 865 1809 tenueris
889 1746 990 1832 ipsam
1006 1766 1125 1831 aquam
1145 1745 1179 1807 in
1193 1745 1326 1808 alteram
1341 1766 1418 1809 con·

321 1846 415 1910 cham
440 1846 546 1926 funde,
563 1854 595 1911 et
620 1847 695 1911 illud
721 1846 965 1911 minutissimum
990 1847 1074 1933 quod
1102 1869 1175 1910 cum
1197 1867 1281 1933 aqua
1306 1845 1420 1910 exierit

320 1972 421 2015 serva.
466 1949 668 2037 Rursumque
692 1949 841 2036 imposita
854 1950 939 2037 aqud
960 1971 1053 2036 super
1067 1950 1221 2013 carbones
1243 1948 1365 2012 <aletae
1388 1957 1420 2012 et

320 2073 424 2133 move,
439 2074 476 2116 ac
499 2052 582 2117 sicut
603 2053 688 2139 prius
711 2053 866 2117 minutum
881 2074 954 2115 cum
976 2073 1060 2138 aqua
1082 2051 1172 2136 ejice,
1187 2050 1296 2137 sicque
1318 2050 1419 2115 facias

321 2154 424 2219 donec
434 2156 564 2220 omnino
577 2155 770 2242 purgaveris.
788 2154 937 2218 Posthaec
947 2153 1051 2240 ipsum
1062 2152 1234 2216 minutum¹
1248 2173 1324 2216 cum
1333 2174 1418 2239 aqua

320 2267 353 2320 et
368 2258 482 2324 eodem
498 2260 607 2324 ordine
629 2258 726 2323 biset
747 2257 853 2336 tertio,
869 2255 1020 2342 quicquid
1036 2255 1104 2319 auri
1120 2254 1296 2340 susceperis
1320 2255 1416 2341 priori

320 2359 470 2426 admisce.
516 2361 640 2426 Eodem
667 2359 776 2424 ordine
802 2357 925 2422 lavabis
954 2365 1132 2444 argentum,
1161 2356 1357 2421 auricalcum
1386 2369 1419 2423 et

319 2486 463 2549 cuprum.
510 2463 636 2528 Dehinc
658 2463 733 2528 tolle
754 2460 893 2525 vesicam
915 2459 1021 2546 piscis,
1037 2458 1092 2545 qui
1113 2467 1246 2523 vocatur
1266 2458 1362 2539 huso,
1385 2470 1417 2525 et

321 2566 431 2630 lavans
455 2566 539 2653 aqua
564 2564 671 2650 tepida
693 2564 797 2645 tertio,
823 2562 927 2627 incide
952 2562 1175 2649 particulatim,
1199 2584 1238 2626 ac
1263 2562 1297 2625 in
1320 2565 1416 2627 ollam

319 2667 519 2752 purissimam
533 2666 750 2730 mittens'eum
766 2687 861 2753 aqua,
877 2664 946 2730 sine
966 2663 1143 2728 mollificari
1157 2672 1369 2749 pernoctem,
1384 2676 1416 2730 et

318 2767 352 2829 in
381 2768 553 2833 crastinum
576 2790 677 2855 coque
703 2790 797 2854 super
826 2767 980 2832 carbones
1002 2773 1038 2828 ut
1067 2787 1133 2829 non
1162 2764 1286 2845 bulliat,
1311 2767 1414 2831 donec

319 2870 434 2955 probes
463 2870 571 2957 digitis
596 2871 669 2950 tuis,
693 2871 720 2934 si
744 2871 913 2949 adhaereat,
936 2878 1062 2932 etcum
1087 2865 1209 2930 fortiter
1234 2866 1413 2949 adhaeserit,

320 2971 440 3037 bonum
455 2982 505 3037 est
517 2974 636 3058 gluten.

618 3425 851 3524 CAPUT
908 3426 1110 3523 XXXI.

370 3643 540 3695 QUOMODO
561 3645 686 3693 AURUM
709 3648 752 3692 m*
773 3647 962 3693 ABGBN'I'UM
986 3647 1023 3690 lu
1046 3646 1162 3692 amara
1186 3645 1360 3691 PONATUR.

395 3792 539 3859 OSTEA
555 3799 630 3863 tolle
654 3800 786 3864 minium
802 3820 926 3886 purum,
942 3807 975 3864 et
997 3798 1081 3864 adde
1095 3800 1125 3863 ei
1146 3797 1274 3863 tertiam
1289 3804 1408 3882 partem

395 3895 544 3977 cenobrii,
555 3907 659 3966 terens
668 3924 762 3988 super
772 3902 922 3989 lapidem,
932 3923 1006 3966 cum
1017 3923 1110 3988 aqua.
1157 3898 1233 3975 Quo
1247 3898 1409 3986 diligenter

316 3995 401 4077 trito,
416 4005 544 4081 percute
559 4000 679 4065 clarum
694 4025 734 4066 ex
759 4003 907 4090 albugine
923 4003 985 4084 ovi,
1007 4003 1040 4065 in
1055 4011 1164 4068 aestate
1179 4023 1253 4067 eum
1268 4022 1362 4088 aqua,
1375 3999 1405 4062 in

690 4189 697 4216 ¹
707 4193 723 4218 “
734 4190 832 4253 relam,”
843 4208 869 4241 ar
882 4193 939 4242 coa
951 4192 1051 4256 Ouelpa.
