3096 5168
400 1109 661 1192 lNCll'lT
715 1109 923 1192 LIBER
977 1108 1341 1195 SECUNDUS.

718 1631 947 1727 CAPUT
1018 1632 1056 1727 Ι.

399 1867 443 1909 DE
465 1867 744 1913 CONSTRUCTIONE
767 1870 872 1913 PURNI
896 1870 944 1914 Ao
967 1869 1182 1915 ornanum
1205 1870 1352 1915 VlTRUM.

323 2015 399 2168 Sl
423 2018 538 2082 sederit
561 2019 591 2083 in
619 2021 725 2086 animo
748 2032 782 2085 ut
802 2022 917 2085 vitmm
943 2044 1127 2108 componas,
1153 2023 1288 2109 primum
1315 2023 1424 2088 incide

404 2120 490 2206 ligna
512 2121 639 2208 faginea
662 2124 760 2187 multa
782 2134 814 2187 et
834 2125 958 2188 exsicca
981 2147 1029 2189 ea.
1076 2125 1201 2189 Deinde
1216 2126 1367 2190 combure
1385 2149 1424 2190 ea

324 2225 438 2311 pariter
463 2225 497 2288 in
520 2227 592 2290 loeo
615 2227 746 2305 mundo,
769 2236 801 2291 et
824 2227 944 2290 eineres
968 2227 1133 2313 diligenter
1157 2229 1321 2314 colligens,
1344 2251 1425 2294 cave

322 2351 363 2392 ne
385 2329 554 2414 quicquam
576 2339 666 2392 terrae
688 2329 906 2394 commisceas.
950 2328 1162 2394 Postmodum
1181 2352 1339 2417 compone
1357 2332 1427 2396 fin-

323 2454 398 2494 num
416 2452 454 2493 ex
471 2431 626 2517 lapidibus
645 2441 677 2495 et
698 2432 819 2516 argilla,
843 2431 1038 2517 longitudine
1059 2433 1176 2518 pedum
1199 2453 1246 2495 xv
1262 2444 1296 2496 et
1316 2434 1427 2498 latitu-

324 2535 399 2597 dine
414 2555 445 2611 x,
461 2534 492 2595 in
508 2533 592 2597 hune
608 2534 748 2598 modum.

369 2634 513 2698 Primum
528 2658 611 2720 pone
633 2636 872 2701 fundamentum
896 2637 928 2699 in
952 2647 1085 2723 utroque
1099 2636 1307 2722 longitudinis
1322 2639 1426 2704 latere

325 2737 527 2823 spissitudine
551 2737 642 2801 unius
665 2739 763 2823 pedis,
786 2738 904 2803 faciens
930 2739 1027 2802 larem
1052 2739 1085 2801 in
1109 2739 1213 2803 medio
1240 2739 1364 2803 firmam
1393 2752 1427 2805 et

324 2839 489 2926 aequalem,
512 2839 668 2925 lapidibus
690 2851 722 2904 et
742 2842 862 2928 argilla,
877 2840 1021 2905 dividens
1040 2863 1112 2904 eum
1135 2840 1216 2904 inter
1237 2848 1300 2904 tres
1316 2853 1426 2928 partes

324 2941 471 3027 aequales,
494 2951 529 3004 ut
550 2941 621 3005 duae
643 2964 698 3028 per
720 2966 754 3007 se
777 2944 850 3023 sint,
872 2953 904 3006 et
925 2944 1017 3006 tertia
1035 2965 1091 3029 per
1105 2965 1139 3006 se
1155 2942 1266 3021 divisa,
1281 2964 1376 3007 muro
1391 2945 1424 3006 in

323 3044 486 3108 latitudine
501 3045 613 3130 posito.
661 3045 786 3109 Deinde
809 3045 859 3109 fac
882 3045 1024 3109 foramen
1039 3045 1071 3107 in
1086 3055 1218 3131 utraque
1233 3044 1338 3108 fronte
1353 3046 1427 3109 lati·
1545 3104 1546 3139 ἒ

323 3148 451 3227 tudinis,
474 3170 530 3234 per
551 3148 636 3234 quod
659 3148 783 3234 possint
804 3148 890 3234 ligna
912 3157 944 3210 et
966 3149 1048 3235 ignis
1062 3147 1193 3234 imponi,
1211 3155 1244 3210 et
1258 3146 1425 3211 aedificans
1545 3152 1546 3181 ³

326 3273 451 3314 murum
473 3251 505 3313 in
525 3251 654 3315 circuitu
676 3273 776 3337 usque
798 3250 838 3313 ad
859 3250 1058 3314 latitudinem
1073 3260 1209 3336 quatuor
1224 3249 1355 3334 pedum,
1372 3250 1424 3313 fac

325 3355 437 3419 iterum
458 3356 557 3418 larem
579 3355 703 3418 firmam
726 3363 759 3416 et
780 3353 933 3439 aequalem
956 3375 1011 3439 per
1026 3353 1142 3433 omnia,
1164 3362 1196 3416 et
1211 3352 1278 3416 sine
1294 3374 1424 3417 murum
1544 3404 1545 3415 2

325 3458 486 3522 divisionis
507 3456 736 3543 aliquantulum
759 3455 938 3519 ascendere.
985 3455 1067 3520 Post
1088 3476 1158 3542 quaa
1181 3454 1284 3518 facin
1308 3455 1425 3541 majori
1544 3454 1545 3481 ³

325 3562 427 3648 spatio
443 3568 578 3648 quatuor
592 3559 747 3623 foramina
768 3558 801 3620 in
817 3580 880 3622 uno
895 3559 991 3622 latere
1007 3555 1222 3644 longitudinis,
1238 3565 1270 3620 et
1284 3567 1424 3643 quatuor

325 3666 358 3727 in
380 3665 480 3727 altero
502 3684 558 3746 per
579 3661 719 3726 medium
740 3661 824 3741 laris,
847 3661 1016 3747 inquibus
1038 3670 1196 3748 ponantur
1210 3682 1287 3722 vasa
1308 3660 1424 3745 operis,
1543 3726 1544 3731 γ

326 3766 452 3852 duoque
467 3764 622 3828 foramina
636 3764 668 3827 in
692 3764 796 3828 medio
820 3786 874 3851 per
892 3786 964 3850 qum
978 3762 1109 3826 flamma
1124 3763 1225 3849 possit
1238 3762 1423 3841 ascendere,

325 3875 358 3929 et
372 3867 533 3929 aedificans
548 3887 672 3930 murum
694 3867 726 3929 in
748 3867 888 3945 circuitu,
904 3866 955 3929 fac
970 3866 1050 3929 duas
1066 3866 1218 3929 fenestras
1233 3864 1373 3950 quadras
1387 3863 1423 3927 in
1542 3944 1543 3955 ἶ

325 3967 522 4054 longitudine
536 3975 569 4032 et
582 3967 746 4033 latitudine
757 3968 849 4032 unius
861 3967 984 4053 palmae,
999 3967 1032 4030 in
1047 3976 1180 4053 utroque
1195 3967 1292 4030 latere
1308 3972 1424 4030 eontra

326 4069 481 4134 foramina
501 4091 608 4151 unam,
623 4092 680 4156 per
701 4091 779 4157 quas
794 4092 870 4134 vasa
891 4069 1094 4156 imponantur
1116 4078 1148 4133 et
1169 4068 1334 4155 ejiciantur
1347 4089 1423 4131 cum

324 4172 384 4252 his,
399 4194 472 4258 quae
492 4171 525 4235 in
546 4171 607 4237 illis
629 4172 804 4236 mittuntur.
850 4170 916 4235 Fac
931 4172 1027 4235 etiam
1042 4171 1074 4234 in
1090 4171 1204 4235 minori
1218 4168 1322 4264 spatio
1338 4169 1425 4233 fora·

325 4295 398 4337 men
420 4293 476 4358 per
498 4270 637 4335 medium
659 4271 732 4335 laris
749 4273 842 4358 juxta
863 4273 1015 4358 parietem
1040 4271 1190 4352 medium,
1205 4280 1237 4335 et
1250 4269 1424 4334 fenestram

324 4377 365 4441 ad
388 4395 567 4439 mensuram
593 4374 689 4460 palmi
711 4375 805 4460 juxta
828 4374 979 4461 parietem
1003 4373 1114 4438 frontis
1141 4373 1339 4451 exteriorem,
1365 4393 1425 4457 per

322 4502 419 4568 quam
442 4477 542 4563 possit
563 4476 683 4562 imponi
707 4486 741 4539 et
763 4477 880 4541 assumi
904 4476 990 4562 quod
1016 4475 1227 4539 necessarium
1252 4482 1300 4538 est
1322 4473 1424 4559 operi.
