3090 5174
679 488 870 531 rusorum
896 488 999 532 mnan
1023 489 1076 532 ΙΙΙ.

644 969 877 1064 CAPUT
937 970 1128 1065 XCIV,

681 1190 726 1232 DE
749 1189 934 1233 Pomarrnrs
957 1188 1099 1232 Gaurus.

345 1335 675 1486 CRlSTALLUM
693 1339 778 1424 quod
792 1360 877 1423 aqua
892 1338 1006 1401 durata
1021 1337 1052 1399 in
1065 1336 1209 1421 glaciem,
1222 1346 1254 1401 et
1269 1339 1425 1403 multorum

456 1461 610 1503 annorum
626 1441 741 1524 glacies
756 1442 886 1504 duratur
901 1440 932 1502 in
948 1439 1097 1524 lapidem,
1121 1438 1183 1503 hoc
1199 1441 1295 1503 modo
1310 1441 1426 1505 limatur
1510 1432 1511 1521 i

342 1551 373 1604 et
396 1542 520 1626 politur.
579 1542 668 1605 'folle
693 1543 923 1606 confectionem
947 1564 1018 1628 quae
1039 1540 1154 1604 dicitur
1175 1550 1284 1620 tenax,
1312 1543 1352 1605 de
1372 1564 1427 1628 qua
1509 1612 1511 1633 γ

341 1645 556 1728 supradictum
577 1656 633 1721 est,
657 1645 894 1731 adhibitamque
915 1644 980 1730 igni
1000 1644 1103 1708 donec
1124 1643 1277 1730 liquefiat,
1299 1645 1427 1709 consoli·
1510 1640 1511 1707 ἒ

341 1747 432 1810 dabis
448 1747 640 1810 christallum
654 1748 694 1810 ud
710 1747 830 1831 lignum
847 1747 976 1834 longum
989 1746 1075 1833 quod
1091 1747 1119 1810 ei
1135 1747 1235 1811 simile
1244 1747 1287 1811 sit
1302 1749 1332 1811 in
1348 1769 1428 1834 gros·
1510 1744 1511 1837 ᾗ

342 1850 486 1913 situdine.
544 1850 638 1924 Quod
663 1873 735 1913 cum
762 1850 979 1934 refrigeratum
1006 1847 1101 1912 fuerit
1126 1849 1266 1935 utrisque
1293 1850 1428 1914 manibus
1509 1850 1511 1871 ¹

342 1950 469 2014 fricabis
491 1973 584 2036 super
607 1952 743 2039 lapidem
766 1951 932 2015 sabuleum
956 1952 1080 2029 durum,
1097 1951 1206 2015 addita
1228 1951 1315 2037 aqua
1338 1953 1429 2016 donec
1510 1958 1511 1961 ’

342 2053 474 2116 formam
498 2054 633 2138 accipiat
652 2076 747 2140 quam
764 2053 791 2115 ci
807 2055 883 2116 dare
899 2053 1043 2130 volueris,
1066 2053 1181 2117 deiude
1197 2076 1292 2139 super
1306 2055 1428 2118 alteram
1510 2052 1511 2113 3

343 2157 479 2240 lapidem
506 2157 645 2241 ejusdem
670 2157 793 2241 generis
817 2156 871 2242 qui
892 2156 934 2221 sit
956 2156 1099 2219 subtilior
1115 2165 1147 2218 et
1165 2158 1318 2243 aequalior
1340 2158 1430 2221 donec
1510 2174 1511 2247 p

344 2260 472 2322 ommno
488 2282 612 2344 aequum
632 2261 696 2321 fiat.
743 2258 786 2321 Et
801 2257 960 2343 accipiens
980 2258 1120 2322 tabulam
1140 2259 1322 2344 plumbeam
1337 2281 1431 2346 aequa·
1510 2268 1511 2297 ¹

345 2364 416 2440 lem,
427 2385 509 2446 pone
525 2384 618 2447 super
634 2383 704 2423 eam
721 2361 859 2445 tegulam
876 2359 1039 2422 humidam
1056 2383 1152 2446 quam
1167 2383 1241 2425 curn
1256 2362 1356 2426 salira
1371 2363 1431 2425 fric-

345 2466 412 2528 abis
437 2487 530 2549 super
550 2475 654 2528 cotem
676 2462 800 2539 duram,
823 2472 918 2548 atque
939 2463 1075 2546 desuper
1096 2463 1196 2548 polias
1217 2464 1320 2550 ipsum
1345 2465 1432 2529 chris-

343 2567 465 2643 tallum,
495 2567 597 2628 donec
627 2566 781 2651 fulgorem
804 2564 949 2650 accipiat.
1009 2565 1060 2628 Ad
1083 2565 1227 2630 ultimum
1254 2571 1329 2632 vero
1353 2587 1433 2651 super

345 2668 511 2753 hyrcinum
542 2669 664 2732 corium
695 2690 761 2730 non
791 2667 993 2752 denigratum
1027 2689 1129 2754 neque
1158 2683 1299 2745 unctum,
1331 2668 1382 2731 sed
1405 2666 1432 2726 in

347 2771 433 2856 ligno
465 2781 590 2833 tensum
614 2780 646 2832 et
668 2768 766 2833 clavis
797 2769 926 2832 inferius
953 2770 1095 2847 affixum,
1128 2768 1308 2833 fricaturam
1332 2769 1433 2855 tegula

347 2896 431 2959 pone
445 2873 545 2938 saliva
555 2873 730 2949 humidam,
741 2879 773 2935 et
781 2870 917 2955 desuper
932 2870 1098 2956 diligenter
1107 2869 1194 2949 frica,
1202 2869 1306 2933 donec
1314 2869 1433 2933 omnino

348 2976 486 3039 lucidum
502 2977 567 3037 fiat.
613 2974 709 3048 Quod
727 2974 754 3037 si
770 2973 967 3037 christallum
986 2972 1128 3056 sculpere
1143 2970 1292 3046 volueris,
1315 2979 1434 3055 accepto

349 3079 447 3162 lryrco
469 3075 603 3139 duorum
620 3077 666 3138 vel
682 3076 776 3139 trium
793 3097 960 3154 annorum,
983 3073 1201 3159 colligatisque
1220 3072 1354 3158 pedibus
1368 3074 1434 3158 ejus,

348 3177 451 3241 incide
463 3177 606 3240 foramen
622 3176 704 3239 inter
720 3188 831 3263 pectus
845 3178 914 3263 ejus
929 3187 961 3240 et
976 3186 1127 3255 ventrem,
1149 3175 1180 3238 in
1196 3175 1268 3239 loco
1284 3174 1395 3251 cordis,
1410 3182 1436 3234 et

350 3283 477 3366 impone
492 3279 695 3357 christallum,
708 3280 753 3342 ita
769 3288 804 3341 ut
818 3278 850 3341 in
867 3277 1022 3364 sanguine
1036 3278 1105 3364 ejus
1116 3278 1232 3362 jaceat,
1243 3277 1347 3340 donec
1361 3275 1436 3341 cale·

351 3384 417 3448 fiat.
463 3382 558 3458 Quod
575 3404 650 3447 mox
666 3382 795 3466 ejiciens
812 3381 915 3445 incide
932 3382 963 3443 in
979 3381 1117 3467 eoquod
1134 3378 1279 3458 volueris,
1294 3378 1435 3466 quamdiu

351 3488 438 3550 calor
459 3487 510 3549 ille
525 3484 627 3562 durat,
651 3494 769 3548 etcum
792 3484 909 3569 ceperit
931 3482 1129 3568 refrigescere
1152 3490 1248 3569 atque
1270 3482 1436 3556 durescere,

351 3610 473 3651 rursum
497 3608 613 3673 repone
632 3586 664 3649 in
688 3585 841 3671 sanguine
862 3584 962 3671 hyrci,
984 3583 1236 3669 calefactamque
1249 3582 1354 3648 denuo
1369 3583 1436 3669 ejice

351 3699 383 3751 et
397 3687 510 3764 incide,
533 3688 641 3773 sicque
656 3687 753 3751 facies
774 3687 876 3751 donec
899 3687 1092 3771 sculpturam
1114 3686 1295 3771 compleam
1318 3686 1358 3749 ad
1372 3685 1436 3748 ulti·

352 3812 439 3854 mum
454 3792 527 3853 vero
548 3791 735 3854 calefactum
751 3800 784 3853 et
798 3790 933 3875 ejectum
952 3810 1025 3853 cum
1041 3810 1147 3874 panno
1162 3790 1255 3853 laneo
1270 3788 1396 3852 fricabis
1408 3796 1437 3849 ut

350 3914 424 3957 cum
440 3891 552 3955 eodem
576 3892 729 3977 sanguine
745 3891 773 3959 ai
790 3892 944 3977 fulgorem
967 3890 1121 3977 acquiras.
1167 3888 1201 3952 Si
1216 3899 1323 3952 autem
1344 3889 1436 3953 nodos

351 3997 453 4060 facere
482 3992 619 4057 volueris
649 4016 689 4059 ex
723 3994 894 4071 christallo,
911 3993 965 4079 qui
997 3992 1116 4055 baculis
1148 3993 1369 4077 episcoporum
1396 3989 1437 4052 rel

350 4098 460 4164 caudae
480 4094 577 4159 labris
598 4096 722 4180 possint
750 4094 869 4181 inponi,
899 4094 960 4159 hoc
981 4095 1077 4159 modo
1106 4095 1279 4179 perforabis
1300 4115 1372 4171 eos3
1395 4092 1437 4155 fac

349 4203 406 4267 tibi
433 4201 514 4264 duos
541 4199 671 4262 malleos
698 4220 844 4262 mensura
871 4196 1000 4261 minoris
1027 4198 1118 4282 digiti
1149 4219 1288 4279 grossos,
1312 4206 1345 4262 et
1368 4198 1438 4282 pene

352 4306 446 4389 palmi
463 4323 608 4366 mensura
623 4303 746 4385 longos,
767 4311 799 4363 et
813 4300 845 4362 in
863 4309 994 4385 utraque
1010 4299 1191 4363 summitate
1206 4295 1300 4361 valde
1315 4298 1436 4384 gmciles

351 4418 383 4469 et
397 4408 477 4469 bene
489 4405 652 4467 calibatos
698 4403 844 4489 Cumque
858 4403 976 4465 nodum
993 4402 1177 4466 formaveris
1191 4402 1294 4465 incide
1314 4402 1346 4464 in
1361 4400 1436 4485 liguo
